{
    "symbol": "ACN",
    "annualReports": [
        {
            "fiscalDateEnding": "2024-08-31",
            "reportedCurrency": "USD",
            "grossProfit": "9047223000",
            "totalRevenue": "64896464000",
            "costOfRevenue": "55849241000",
            "costofGoodsAndServicesSold": "43734147000",
            "operatingIncome": "9595847000",
            "sellingGeneralAndAdministrative": "11128030000",
            "researchAndDevelopment": "1150430000",
            "operatingExpenses": "13265524000",
            "investmentIncomeNet": "272256000",
            "netInterestIncome": "213287000",
            "interestIncome": "272256000",
            "interestExpense": "58969000",
            "nonInterestIncome": "-48840000",
            "otherNonOperatingIncome": "-109811000",
            "depreciation": "547935000",
            "depreciationAndAmortization": "548624000",
            "incomeBeforeTax": "9544913000",
            "incomeTaxExpense": "2280126000",
            "interestAndDebtExpense": "None",
            "netIncomeFromContinuingOperations": "7419197000",
            "comprehensiveIncomeNetOfTax": "7453146000",
            "ebit": "9603882000",
            "ebitda": "10152506000",
            "netIncome": "7264787000"
        },
        {
            "fiscalDateEnding": "2023-08-31",
            "reportedCurrency": "USD",
            "grossProfit": "8356684000",
            "totalRevenue": "64111745000",
            "costOfRevenue": "55755061000",
            "costofGoodsAndServicesSold": "43380138000",
            "operatingIncome": "8809889000",
            "sellingGeneralAndAdministrative": "10858572000",
            "researchAndDevelopment": "1298657000",
            "operatingExpenses": "13673580000",
            "investmentIncomeNet": "280409000",
            "netInterestIncome": "-47525000",
            "interestIncome": "232884000",
            "interestExpense": "47525000",
            "nonInterestIncome": "-135586000",
            "otherNonOperatingIncome": "96559000",
            "depreciation": "620659000",
            "depreciationAndAmortization": "453205000",
            "incomeBeforeTax": "9007359000",
            "incomeTaxExpense": "2135802000",
            "interestAndDebtExpense": "47525000",
            "netIncomeFromContinuingOperations": "7003530000",
            "comprehensiveIncomeNetOfTax": "7318798000",
            "ebit": "9054884000",
            "ebitda": "9508089000",
            "netIncome": "6871557000"
        },
        {
            "fiscalDateEnding": "2022-08-31",
            "reportedCurrency": "USD",
            "grossProfit": "8920612000",
            "totalRevenue": "61594305000",
            "costOfRevenue": "52673693000",
            "costofGoodsAndServicesSold": "41892766000",
            "operatingIncome": "9367181000",
            "sellingGeneralAndAdministrative": "10334358000",
            "researchAndDevelopment": "1123296000",
            "operatingExpenses": "11904223000",
            "investmentIncomeNet": "45133000",
            "netInterestIncome": "-47320000",
            "interestIncome": "45133000",
            "interestExpense": "47320000",
            "nonInterestIncome": "-168625000",
            "otherNonOperatingIncome": "-72533000",
            "depreciation": "591748000",
            "depreciationAndAmortization": "446569000",
            "incomeBeforeTax": "9084376000",
            "incomeTaxExpense": "2207207000",
            "interestAndDebtExpense": "47320000",
            "netIncomeFromContinuingOperations": "6988960000",
            "comprehensiveIncomeNetOfTax": "6106324000",
            "ebit": "9131696000",
            "ebitda": "9578265000",
            "netIncome": "6877169000"
        },
        {
            "fiscalDateEnding": "2021-08-31",
            "reportedCurrency": "USD",
            "grossProfit": "7304786000",
            "totalRevenue": "50533389000",
            "costOfRevenue": "43228603000",
            "costofGoodsAndServicesSold": "34169261000",
            "operatingIncome": "7621529000",
            "sellingGeneralAndAdministrative": "8742599000",
            "researchAndDevelopment": "1118320000",
            "operatingExpenses": "10177662000",
            "investmentIncomeNet": "33365000",
            "netInterestIncome": "-59492000",
            "interestIncome": "26127000",
            "interestExpense": "59492000",
            "nonInterestIncome": "15370000",
            "otherNonOperatingIncome": "165714000",
            "depreciation": "512051000",
            "depreciationAndAmortization": "316743000",
            "incomeBeforeTax": "7677380000",
            "incomeTaxExpense": "1770571000",
            "interestAndDebtExpense": "59492000",
            "netIncomeFromContinuingOperations": "5990545000",
            "comprehensiveIncomeNetOfTax": "6049149000",
            "ebit": "7736872000",
            "ebitda": "8053615000",
            "netIncome": "5906809000"
        },
        {
            "fiscalDateEnding": "2020-08-31",
            "reportedCurrency": "USD",
            "grossProfit": "13976158000",
            "totalRevenue": "44327039000",
            "costOfRevenue": "30350881000",
            "costofGoodsAndServicesSold": "30350881000",
            "operatingIncome": "6513644000",
            "sellingGeneralAndAdministrative": "7462514000",
            "researchAndDevelopment": "870611000",
            "operatingExpenses": "8572789000",
            "investmentIncomeNet": "69331000",
            "netInterestIncome": "-33071000",
            "interestIncome": "36260000",
            "interestExpense": "33071000",
            "nonInterestIncome": "111623000",
            "otherNonOperatingIncome": "224427000",
            "depreciation": "482054000",
            "depreciationAndAmortization": "239664000",
            "incomeBeforeTax": "6696857000",
            "incomeTaxExpense": "1589018000",
            "interestAndDebtExpense": "33071000",
            "netIncomeFromContinuingOperations": "5185313000",
            "comprehensiveIncomeNetOfTax": "5386579000",
            "ebit": "6729928000",
            "ebitda": "6969592000",
            "netIncome": "5107839000"
        },
        {
            "fiscalDateEnding": "2019-08-31",
            "reportedCurrency": "USD",
            "grossProfit": "13314688000",
            "totalRevenue": "43215013000",
            "costOfRevenue": "29900325000",
            "costofGoodsAndServicesSold": "29900325000",
            "operatingIncome": "6305074000",
            "sellingGeneralAndAdministrative": "7009614000",
            "researchAndDevelopment": "799734000",
            "operatingExpenses": "7986498000",
            "investmentIncomeNet": "87508000",
            "netInterestIncome": "-22963000",
            "interestIncome": "87508000",
            "interestExpense": "22963000",
            "nonInterestIncome": "112113000",
            "otherNonOperatingIncome": "-117822000",
            "depreciation": "440796000",
            "depreciationAndAmortization": "177150000",
            "incomeBeforeTax": "6184668000",
            "incomeTaxExpense": "1405556000",
            "interestAndDebtExpense": "22963000",
            "netIncomeFromContinuingOperations": "4846241000",
            "comprehensiveIncomeNetOfTax": "4514706000",
            "ebit": "6207631000",
            "ebitda": "6384781000",
            "netIncome": "4779112000"
        },
        {
            "fiscalDateEnding": "2018-08-31",
            "reportedCurrency": "USD",
            "grossProfit": "12493364000",
            "totalRevenue": "40992534000",
            "costOfRevenue": "28499170000",
            "costofGoodsAndServicesSold": "29160515000",
            "operatingIncome": "5898779000",
            "sellingGeneralAndAdministrative": "6601872000",
            "researchAndDevelopment": "790779000",
            "operatingExpenses": "7562838000",
            "investmentIncomeNet": "56337000",
            "netInterestIncome": "-19539000",
            "interestIncome": "56337000",
            "interestExpense": "19539000",
            "nonInterestIncome": "142295000",
            "otherNonOperatingIncome": "-127484000",
            "depreciation": "423471000",
            "depreciationAndAmortization": "170187000",
            "incomeBeforeTax": "5653406000",
            "incomeTaxExpense": "1593499000",
            "interestAndDebtExpense": "19539000",
            "netIncomeFromContinuingOperations": "4214594000",
            "comprehensiveIncomeNetOfTax": "3578520000",
            "ebit": "5672945000",
            "ebitda": "5843132000",
            "netIncome": "4059907000"
        },
        {
            "fiscalDateEnding": "2017-08-31",
            "reportedCurrency": "USD",
            "grossProfit": "11071492000",
            "totalRevenue": "36176841000",
            "costOfRevenue": "25105349000",
            "costofGoodsAndServicesSold": "25734986000",
            "operatingIncome": "5191402000",
            "sellingGeneralAndAdministrative": "5888090000",
            "researchAndDevelopment": "704317000",
            "operatingExpenses": "6742076000",
            "investmentIncomeNet": "37940000",
            "netInterestIncome": "-15545000",
            "interestIncome": "37940000",
            "interestExpense": "15545000",
            "nonInterestIncome": "95488000",
            "otherNonOperatingIncome": "-87720000",
            "depreciation": "362817000",
            "depreciationAndAmortization": "149417000",
            "incomeBeforeTax": "4426249000",
            "incomeTaxExpense": "981100000",
            "interestAndDebtExpense": "15545000",
            "netIncomeFromContinuingOperations": "3634932000",
            "comprehensiveIncomeNetOfTax": "4012085000",
            "ebit": "4441794000",
            "ebitda": "4591211000",
            "netIncome": "3445149000"
        },
        {
            "fiscalDateEnding": "2016-08-31",
            "reportedCurrency": "USD",
            "grossProfit": "10277427000",
            "totalRevenue": "34797661000",
            "costOfRevenue": "24520234000",
            "costofGoodsAndServicesSold": "24520234000",
            "operatingIncome": "4810445000",
            "sellingGeneralAndAdministrative": "5466982000",
            "researchAndDevelopment": "643407000",
            "operatingExpenses": "5379448000",
            "investmentIncomeNet": "30484000",
            "netInterestIncome": "-16258000",
            "interestIncome": "30484000",
            "interestExpense": "16258000",
            "nonInterestIncome": "790933000",
            "otherNonOperatingIncome": "-69922000",
            "depreciation": "327736000",
            "depreciationAndAmortization": "117882000",
            "incomeBeforeTax": "5365861000",
            "incomeTaxExpense": "1253969000",
            "interestAndDebtExpense": "16258000",
            "netIncomeFromContinuingOperations": "4349603000",
            "comprehensiveIncomeNetOfTax": "3862144000",
            "ebit": "5382119000",
            "ebitda": "5500001000",
            "netIncome": "4111892000"
        },
        {
            "fiscalDateEnding": "2015-08-31",
            "reportedCurrency": "USD",
            "grossProfit": "9809239000",
            "totalRevenue": "32914424000",
            "costOfRevenue": "23105185000",
            "costofGoodsAndServicesSold": "23105185000",
            "operatingIncome": "4435869000",
            "sellingGeneralAndAdministrative": "5308988000",
            "researchAndDevelopment": "625541000",
            "operatingExpenses": "6034162000",
            "investmentIncomeNet": "33991000",
            "netInterestIncome": "-14578000",
            "interestIncome": "19413000",
            "interestExpense": "14578000",
            "nonInterestIncome": "-230490000",
            "otherNonOperatingIncome": "-44752000",
            "depreciation": "311305000",
            "depreciationAndAmortization": "99633000",
            "incomeBeforeTax": "4190322000",
            "incomeTaxExpense": "1136741000",
            "interestAndDebtExpense": "14578000",
            "netIncomeFromContinuingOperations": "3273789000",
            "comprehensiveIncomeNetOfTax": "2513557000",
            "ebit": "4204900000",
            "ebitda": "4304533000",
            "netIncome": "3053581000"
        },
        {
            "fiscalDateEnding": "2014-08-31",
            "reportedCurrency": "USD",
            "grossProfit": "9684466000",
            "totalRevenue": "31874678000",
            "costOfRevenue": "22190212000",
            "costofGoodsAndServicesSold": "22190212000",
            "operatingIncome": "4300512000",
            "sellingGeneralAndAdministrative": "5401969000",
            "researchAndDevelopment": "639513000",
            "operatingExpenses": "6116714000",
            "investmentIncomeNet": "30370000",
            "netInterestIncome": "-17621000",
            "interestIncome": "None",
            "interestExpense": "17621000",
            "nonInterestIncome": "107928000",
            "otherNonOperatingIncome": "-15560000",
            "depreciation": "326910000",
            "depreciationAndAmortization": "75232000",
            "incomeBeforeTax": "4063241000",
            "incomeTaxExpense": "1121743000",
            "interestAndDebtExpense": "17621000",
            "netIncomeFromContinuingOperations": "3175958000",
            "comprehensiveIncomeNetOfTax": "3122296000",
            "ebit": "4080862000",
            "ebitda": "4156094000",
            "netIncome": "2941498000"
        },
        {
            "fiscalDateEnding": "2013-08-31",
            "reportedCurrency": "USD",
            "grossProfit": "9384175000",
            "totalRevenue": "30394285000",
            "costOfRevenue": "21010110000",
            "costofGoodsAndServicesSold": "21010110000",
            "operatingIncome": "4338680000",
            "sellingGeneralAndAdministrative": "5317537000",
            "researchAndDevelopment": "715094000",
            "operatingExpenses": "6046666000",
            "investmentIncomeNet": "32893000",
            "netInterestIncome": "-14035000",
            "interestIncome": "None",
            "interestExpense": "14035000",
            "nonInterestIncome": "31663000",
            "otherNonOperatingIncome": "-18244000",
            "depreciation": "324997000",
            "depreciationAndAmortization": "52876000",
            "incomeBeforeTax": "4066653000",
            "incomeTaxExpense": "784775000",
            "interestAndDebtExpense": "14035000",
            "netIncomeFromContinuingOperations": "3554519000",
            "comprehensiveIncomeNetOfTax": "2907280000",
            "ebit": "4080688000",
            "ebitda": "4133564000",
            "netIncome": "3281878000"
        },
        {
            "fiscalDateEnding": "2012-08-31",
            "reportedCurrency": "USD",
            "grossProfit": "8987701000",
            "totalRevenue": "29777985000",
            "costOfRevenue": "20790284000",
            "costofGoodsAndServicesSold": "20790284000",
            "operatingIncome": "3871548000",
            "sellingGeneralAndAdministrative": "5114462000",
            "researchAndDevelopment": "559611000",
            "operatingExpenses": "5689134000",
            "investmentIncomeNet": "42550000",
            "netInterestIncome": "-15061000",
            "interestIncome": "None",
            "interestExpense": "15061000",
            "nonInterestIncome": "33171000",
            "otherNonOperatingIncome": "5137000",
            "depreciation": "317992000",
            "depreciationAndAmortization": "593545000",
            "incomeBeforeTax": "3632751000",
            "incomeTaxExpense": "1079241000",
            "interestAndDebtExpense": "15061000",
            "netIncomeFromContinuingOperations": "2824933000",
            "comprehensiveIncomeNetOfTax": "2009742000",
            "ebit": "3647812000",
            "ebitda": "4509334000",
            "netIncome": "2553510000"
        },
        {
            "fiscalDateEnding": "2011-08-31",
            "reportedCurrency": "USD",
            "grossProfit": "8386719000",
            "totalRevenue": "27352914000",
            "costOfRevenue": "18966195000",
            "costofGoodsAndServicesSold": "18966195000",
            "operatingIncome": "3470457000",
            "sellingGeneralAndAdministrative": "4914742000",
            "researchAndDevelopment": "481970000",
            "operatingExpenses": "5432964000",
            "investmentIncomeNet": "41083000",
            "netInterestIncome": "-15000000",
            "interestIncome": "None",
            "interestExpense": "15000000",
            "nonInterestIncome": "-32503000",
            "otherNonOperatingIncome": "15482000",
            "depreciation": "297549000",
            "depreciationAndAmortization": "513256000",
            "incomeBeforeTax": "3236459000",
            "incomeTaxExpense": "958782000",
            "interestAndDebtExpense": "15000000",
            "netIncomeFromContinuingOperations": "2553240000",
            "comprehensiveIncomeNetOfTax": "2529589000",
            "ebit": "3251459000",
            "ebitda": "4026316000",
            "netIncome": "2277677000"
        },
        {
            "fiscalDateEnding": "2010-08-31",
            "reportedCurrency": "USD",
            "grossProfit": "7250747000",
            "totalRevenue": "23094078000",
            "costOfRevenue": "15843331000",
            "costofGoodsAndServicesSold": "15843331000",
            "operatingIncome": "2914845000",
            "sellingGeneralAndAdministrative": "4326364000",
            "researchAndDevelopment": "376985000",
            "operatingExpenses": "4724741000",
            "investmentIncomeNet": "29931000",
            "netInterestIncome": "-14677000",
            "interestIncome": "None",
            "interestExpense": "14677000",
            "nonInterestIncome": "-30741000",
            "otherNonOperatingIncome": "-15724000",
            "depreciation": "269072000",
            "depreciationAndAmortization": "474688000",
            "incomeBeforeTax": "2634566000",
            "incomeTaxExpense": "853910000",
            "interestAndDebtExpense": "14677000",
            "netIncomeFromContinuingOperations": "2060459000",
            "comprehensiveIncomeNetOfTax": "3661527000",
            "ebit": "2649243000",
            "ebitda": "3429002000",
            "netIncome": "1780656000"
        }
    ],
    "quarterlyReports": [
        {
            "fiscalDateEnding": "2024-08-31",
            "reportedCurrency": "USD",
            "grossProfit": "5337456000",
            "totalRevenue": "16405819000",
            "costOfRevenue": "11068363000",
            "costofGoodsAndServicesSold": "11068363000",
            "operatingIncome": "2353668000",
            "sellingGeneralAndAdministrative": "2877841000",
            "researchAndDevelopment": "None",
            "operatingExpenses": "4303657000",
            "investmentIncomeNet": "51317000",
            "netInterestIncome": "28482000",
            "interestIncome": "51317000",
            "interestExpense": "22835000",
            "nonInterestIncome": "54728000",
            "otherNonOperatingIncome": "-49589000",
            "depreciation": "141561000",
            "depreciationAndAmortization": "169439000",
            "incomeBeforeTax": "2298196000",
            "incomeTaxExpense": "613895000",
            "interestAndDebtExpense": "None",
            "netIncomeFromContinuingOperations": "1718666000",
            "comprehensiveIncomeNetOfTax": "1884803000",
            "ebit": "2321031000",
            "ebitda": "2490470000",
            "netIncome": "1684301000"
        },
        {
            "fiscalDateEnding": "2024-05-31",
            "reportedCurrency": "USD",
            "grossProfit": "2494181000",
            "totalRevenue": "16466828000",
            "costOfRevenue": "13972647000",
            "costofGoodsAndServicesSold": "10968377000",
            "operatingIncome": "2630865000",
            "sellingGeneralAndAdministrative": "2790166000",
            "researchAndDevelopment": "None",
            "operatingExpenses": "3004270000",
            "investmentIncomeNet": "53690000",
            "netInterestIncome": "-11334000",
            "interestIncome": "53690000",
            "interestExpense": "11334000",
            "nonInterestIncome": "-57232000",
            "otherNonOperatingIncome": "-18851000",
            "depreciation": "138132000",
            "depreciationAndAmortization": "136684000",
            "incomeBeforeTax": "2605205000",
            "incomeTaxExpense": "673022000",
            "interestAndDebtExpense": "11334000",
            "netIncomeFromContinuingOperations": "1981348000",
            "comprehensiveIncomeNetOfTax": "1834079000",
            "ebit": "2616539000",
            "ebitda": "2753223000",
            "netIncome": "1932183000"
        },
        {
            "fiscalDateEnding": "2024-02-29",
            "reportedCurrency": "USD",
            "grossProfit": "1918576000",
            "totalRevenue": "15799514000",
            "costOfRevenue": "13880938000",
            "costofGoodsAndServicesSold": "10921045000",
            "operatingIncome": "2046427000",
            "sellingGeneralAndAdministrative": "2716633000",
            "researchAndDevelopment": "None",
            "operatingExpenses": "2959893000",
            "investmentIncomeNet": "65269000",
            "netInterestIncome": "-10305000",
            "interestIncome": "65269000",
            "interestExpense": "10305000",
            "nonInterestIncome": "-26056000",
            "otherNonOperatingIncome": "-5652000",
            "depreciation": "134997000",
            "depreciationAndAmortization": "127851000",
            "incomeBeforeTax": "2061396000",
            "incomeTaxExpense": "386537000",
            "interestAndDebtExpense": "10305000",
            "netIncomeFromContinuingOperations": "1709202000",
            "comprehensiveIncomeNetOfTax": "1644934000",
            "ebit": "2071701000",
            "ebitda": "2199552000",
            "netIncome": "1674859000"
        },
        {
            "fiscalDateEnding": "2023-11-30",
            "reportedCurrency": "USD",
            "grossProfit": "2450237000",
            "totalRevenue": "16224303000",
            "costOfRevenue": "13774066000",
            "costofGoodsAndServicesSold": "10776362000",
            "operatingIncome": "2564887000",
            "sellingGeneralAndAdministrative": "2743390000",
            "researchAndDevelopment": "None",
            "operatingExpenses": "2997704000",
            "investmentIncomeNet": "101980000",
            "netInterestIncome": "-14495000",
            "interestIncome": "101980000",
            "interestExpense": "14495000",
            "nonInterestIncome": "-20280000",
            "otherNonOperatingIncome": "-35719000",
            "depreciation": "133245000",
            "depreciationAndAmortization": "114650000",
            "incomeBeforeTax": "2580116000",
            "incomeTaxExpense": "606672000",
            "interestAndDebtExpense": "14495000",
            "netIncomeFromContinuingOperations": "2009981000",
            "comprehensiveIncomeNetOfTax": "2089330000",
            "ebit": "2594611000",
            "ebitda": "2709261000",
            "netIncome": "1973444000"
        },
        {
            "fiscalDateEnding": "2023-08-31",
            "reportedCurrency": "USD",
            "grossProfit": "5181629000",
            "totalRevenue": "15985200000",
            "costOfRevenue": "10803571000",
            "costofGoodsAndServicesSold": "10803571000",
            "operatingIncome": "1912920000",
            "sellingGeneralAndAdministrative": "2796826000",
            "researchAndDevelopment": "1298657000",
            "operatingExpenses": "4680020000",
            "investmentIncomeNet": "103627000",
            "netInterestIncome": "-17403000",
            "interestIncome": "103627000",
            "interestExpense": "17403000",
            "nonInterestIncome": "-41235000",
            "otherNonOperatingIncome": "-40017000",
            "depreciation": "173815000",
            "depreciationAndAmortization": "112654000",
            "incomeBeforeTax": "1923878000",
            "incomeTaxExpense": "550915000",
            "interestAndDebtExpense": "17403000",
            "netIncomeFromContinuingOperations": "1408212000",
            "comprehensiveIncomeNetOfTax": "1530785000",
            "ebit": "1941281000",
            "ebitda": "2053935000",
            "netIncome": "1372963000"
        },
        {
            "fiscalDateEnding": "2023-05-31",
            "reportedCurrency": "USD",
            "grossProfit": "2255323000",
            "totalRevenue": "16564585000",
            "costOfRevenue": "14309262000",
            "costofGoodsAndServicesSold": "11035515000",
            "operatingIncome": "2359288000",
            "sellingGeneralAndAdministrative": "2822909000",
            "researchAndDevelopment": "None",
            "operatingExpenses": "3273747000",
            "investmentIncomeNet": "81818000",
            "netInterestIncome": "-11208000",
            "interestIncome": "81818000",
            "interestExpense": "11208000",
            "nonInterestIncome": "-72091000",
            "otherNonOperatingIncome": "201783000",
            "depreciation": "165053000",
            "depreciationAndAmortization": "103965000",
            "incomeBeforeTax": "2593342000",
            "incomeTaxExpense": "583346000",
            "interestAndDebtExpense": "11208000",
            "netIncomeFromContinuingOperations": "2048335000",
            "comprehensiveIncomeNetOfTax": "2053343000",
            "ebit": "2604550000",
            "ebitda": "2708515000",
            "netIncome": "2009996000"
        },
        {
            "fiscalDateEnding": "2023-02-28",
            "reportedCurrency": "USD",
            "grossProfit": "1819233000",
            "totalRevenue": "15814158000",
            "costOfRevenue": "13994925000",
            "costofGoodsAndServicesSold": "10979392000",
            "operatingIncome": "1944581000",
            "sellingGeneralAndAdministrative": "2645795000",
            "researchAndDevelopment": "None",
            "operatingExpenses": "3015533000",
            "investmentIncomeNet": "50259000",
            "netInterestIncome": "-11634000",
            "interestIncome": "38625000",
            "interestExpense": "11634000",
            "nonInterestIncome": "7431000",
            "otherNonOperatingIncome": "-36300000",
            "depreciation": "137742000",
            "depreciationAndAmortization": "125348000",
            "incomeBeforeTax": "1919871000",
            "incomeTaxExpense": "396223000",
            "interestAndDebtExpense": "11634000",
            "netIncomeFromContinuingOperations": "1550683000",
            "comprehensiveIncomeNetOfTax": "1635050000",
            "ebit": "1931505000",
            "ebitda": "2056853000",
            "netIncome": "1523648000"
        },
        {
            "fiscalDateEnding": "2022-11-30",
            "reportedCurrency": "USD",
            "grossProfit": "2481862000",
            "totalRevenue": "15747802000",
            "costOfRevenue": "13265940000",
            "costofGoodsAndServicesSold": "10561660000",
            "operatingIncome": "2593100000",
            "sellingGeneralAndAdministrative": "2593042000",
            "researchAndDevelopment": "None",
            "operatingExpenses": "2704280000",
            "investmentIncomeNet": "44705000",
            "netInterestIncome": "-7280000",
            "interestIncome": "44705000",
            "interestExpense": "7280000",
            "nonInterestIncome": "-29691000",
            "otherNonOperatingIncome": "-28907000",
            "depreciation": "144049000",
            "depreciationAndAmortization": "111238000",
            "incomeBeforeTax": "2570268000",
            "incomeTaxExpense": "605318000",
            "interestAndDebtExpense": "7280000",
            "netIncomeFromContinuingOperations": "1996300000",
            "comprehensiveIncomeNetOfTax": "2099620000",
            "ebit": "2577548000",
            "ebitda": "2688786000",
            "netIncome": "1964950000"
        },
        {
            "fiscalDateEnding": "2022-08-31",
            "reportedCurrency": "USD",
            "grossProfit": "4946057000",
            "totalRevenue": "15423656000",
            "costOfRevenue": "10477599000",
            "costofGoodsAndServicesSold": "10477599000",
            "operatingIncome": "2268189000",
            "sellingGeneralAndAdministrative": "2677868000",
            "researchAndDevelopment": "1123296000",
            "operatingExpenses": "3913636000",
            "investmentIncomeNet": "23087000",
            "netInterestIncome": "-12871000",
            "interestIncome": "23087000",
            "interestExpense": "12871000",
            "nonInterestIncome": "-100813000",
            "otherNonOperatingIncome": "-33444000",
            "depreciation": "152811000",
            "depreciationAndAmortization": "112472000",
            "incomeBeforeTax": "2217704000",
            "incomeTaxExpense": "552576000",
            "interestAndDebtExpense": "12871000",
            "netIncomeFromContinuingOperations": "1692385000",
            "comprehensiveIncomeNetOfTax": "1428932000",
            "ebit": "2230575000",
            "ebitda": "2343047000",
            "netIncome": "1665128000"
        },
        {
            "fiscalDateEnding": "2022-05-31",
            "reportedCurrency": "USD",
            "grossProfit": "2490833000",
            "totalRevenue": "16158803000",
            "costOfRevenue": "13667970000",
            "costofGoodsAndServicesSold": "10844069000",
            "operatingIncome": "2603118000",
            "sellingGeneralAndAdministrative": "2711616000",
            "researchAndDevelopment": "None",
            "operatingExpenses": "2823901000",
            "investmentIncomeNet": "8727000",
            "netInterestIncome": "-12050000",
            "interestIncome": "8727000",
            "interestExpense": "12050000",
            "nonInterestIncome": "-31285000",
            "otherNonOperatingIncome": "-8877000",
            "depreciation": "150272000",
            "depreciationAndAmortization": "112285000",
            "incomeBeforeTax": "2461383000",
            "incomeTaxExpense": "675308000",
            "interestAndDebtExpense": "12050000",
            "netIncomeFromContinuingOperations": "1819316000",
            "comprehensiveIncomeNetOfTax": "1507414000",
            "ebit": "2473433000",
            "ebitda": "2585718000",
            "netIncome": "1786075000"
        },
        {
            "fiscalDateEnding": "2022-02-28",
            "reportedCurrency": "USD",
            "grossProfit": "1944392000",
            "totalRevenue": "15046693000",
            "costOfRevenue": "13102301000",
            "costofGoodsAndServicesSold": "10522734000",
            "operatingIncome": "2061580000",
            "sellingGeneralAndAdministrative": "2462379000",
            "researchAndDevelopment": "None",
            "operatingExpenses": "2579567000",
            "investmentIncomeNet": "7269000",
            "netInterestIncome": "-11216000",
            "interestIncome": "7269000",
            "interestExpense": "11216000",
            "nonInterestIncome": "-13048000",
            "otherNonOperatingIncome": "-7183000",
            "depreciation": "149872000",
            "depreciationAndAmortization": "117188000",
            "incomeBeforeTax": "2027863000",
            "incomeTaxExpense": "392921000",
            "interestAndDebtExpense": "11216000",
            "netIncomeFromContinuingOperations": "1657529000",
            "comprehensiveIncomeNetOfTax": "1666693000",
            "ebit": "2039079000",
            "ebitda": "2156267000",
            "netIncome": "1634942000"
        },
        {
            "fiscalDateEnding": "2021-11-30",
            "reportedCurrency": "USD",
            "grossProfit": "2329670000",
            "totalRevenue": "14965153000",
            "costOfRevenue": "12635483000",
            "costofGoodsAndServicesSold": "10048364000",
            "operatingIncome": "2434294000",
            "sellingGeneralAndAdministrative": "2482495000",
            "researchAndDevelopment": "None",
            "operatingExpenses": "2587119000",
            "investmentIncomeNet": "6050000",
            "netInterestIncome": "-11183000",
            "interestIncome": "5133000",
            "interestExpense": "11183000",
            "nonInterestIncome": "-23479000",
            "otherNonOperatingIncome": "-23029000",
            "depreciation": "138793000",
            "depreciationAndAmortization": "104624000",
            "incomeBeforeTax": "2377426000",
            "incomeTaxExpense": "586402000",
            "interestAndDebtExpense": "11183000",
            "netIncomeFromContinuingOperations": "1819730000",
            "comprehensiveIncomeNetOfTax": "1503285000",
            "ebit": "2388609000",
            "ebitda": "2493233000",
            "netIncome": "1791024000"
        },
        {
            "fiscalDateEnding": "2021-08-31",
            "reportedCurrency": "USD",
            "grossProfit": "4466216000",
            "totalRevenue": "13419284000",
            "costOfRevenue": "8953068000",
            "costofGoodsAndServicesSold": "8953068000",
            "operatingIncome": "1958689000",
            "sellingGeneralAndAdministrative": "2507527000",
            "researchAndDevelopment": "None",
            "operatingExpenses": "3707657000",
            "investmentIncomeNet": "9722000",
            "netInterestIncome": "-12977000",
            "interestIncome": "3255000",
            "interestExpense": "12977000",
            "nonInterestIncome": "4000000",
            "otherNonOperatingIncome": "-37629000",
            "depreciation": "134141000",
            "depreciationAndAmortization": "81810000",
            "incomeBeforeTax": "1896630000",
            "incomeTaxExpense": "480382000",
            "interestAndDebtExpense": "12977000",
            "netIncomeFromContinuingOperations": "1437423000",
            "comprehensiveIncomeNetOfTax": "1257508000",
            "ebit": "1909607000",
            "ebitda": "1991417000",
            "netIncome": "1416248000"
        },
        {
            "fiscalDateEnding": "2021-05-31",
            "reportedCurrency": "USD",
            "grossProfit": "2024676000",
            "totalRevenue": "13263795000",
            "costOfRevenue": "11239119000",
            "costofGoodsAndServicesSold": "8859411000",
            "operatingIncome": "2118656000",
            "sellingGeneralAndAdministrative": "2285728000",
            "researchAndDevelopment": "None",
            "operatingExpenses": "2379708000",
            "investmentIncomeNet": "4551000",
            "netInterestIncome": "-28739000",
            "interestIncome": "4551000",
            "interestExpense": "28739000",
            "nonInterestIncome": "-13165000",
            "otherNonOperatingIncome": "-467000",
            "depreciation": "124502000",
            "depreciationAndAmortization": "93980000",
            "incomeBeforeTax": "2073855000",
            "incomeTaxExpense": "524429000",
            "interestAndDebtExpense": "28739000",
            "netIncomeFromContinuingOperations": "1569572000",
            "comprehensiveIncomeNetOfTax": "1699107000",
            "ebit": "2102594000",
            "ebitda": "2196574000",
            "netIncome": "1549426000"
        },
        {
            "fiscalDateEnding": "2021-02-28",
            "reportedCurrency": "USD",
            "grossProfit": "1579769000",
            "totalRevenue": "12088125000",
            "costOfRevenue": "10508356000",
            "costofGoodsAndServicesSold": "8492893000",
            "operatingIncome": "1653515000",
            "sellingGeneralAndAdministrative": "1941717000",
            "researchAndDevelopment": "None",
            "operatingExpenses": "2015463000",
            "investmentIncomeNet": "8407000",
            "netInterestIncome": "-8922000",
            "interestIncome": "8407000",
            "interestExpense": "8922000",
            "nonInterestIncome": "-3789000",
            "otherNonOperatingIncome": "109443000",
            "depreciation": "119490000",
            "depreciationAndAmortization": "73746000",
            "incomeBeforeTax": "1741809000",
            "incomeTaxExpense": "300950000",
            "interestAndDebtExpense": "8922000",
            "netIncomeFromContinuingOperations": "1461493000",
            "comprehensiveIncomeNetOfTax": "1509623000",
            "ebit": "1750731000",
            "ebitda": "1824477000",
            "netIncome": "1440859000"
        },
        {
            "fiscalDateEnding": "2020-11-30",
            "reportedCurrency": "USD",
            "grossProfit": "1823462000",
            "totalRevenue": "11762185000",
            "costOfRevenue": "9938723000",
            "costofGoodsAndServicesSold": "7863889000",
            "operatingIncome": "1890669000",
            "sellingGeneralAndAdministrative": "2007627000",
            "researchAndDevelopment": "None",
            "operatingExpenses": "2074834000",
            "investmentIncomeNet": "10685000",
            "netInterestIncome": "-8854000",
            "interestIncome": "10685000",
            "interestExpense": "8854000",
            "nonInterestIncome": "-28324000",
            "otherNonOperatingIncome": "94367000",
            "depreciation": "133918000",
            "depreciationAndAmortization": "67207000",
            "incomeBeforeTax": "1965086000",
            "incomeTaxExpense": "464810000",
            "interestAndDebtExpense": "8854000",
            "netIncomeFromContinuingOperations": "1522057000",
            "comprehensiveIncomeNetOfTax": "1582911000",
            "ebit": "1973940000",
            "ebitda": "2041147000",
            "netIncome": "1500276000"
        },
        {
            "fiscalDateEnding": "2020-08-31",
            "reportedCurrency": "USD",
            "grossProfit": "3440540000",
            "totalRevenue": "10835271000",
            "costOfRevenue": "7394731000",
            "costofGoodsAndServicesSold": "7394731000",
            "operatingIncome": "1544703000",
            "sellingGeneralAndAdministrative": "1895837000",
            "researchAndDevelopment": "None",
            "operatingExpenses": "2834058000",
            "investmentIncomeNet": "7855000",
            "netInterestIncome": "-14069000",
            "interestIncome": "6214000",
            "interestExpense": "14069000",
            "nonInterestIncome": "73597000",
            "otherNonOperatingIncome": "244866000",
            "depreciation": "143224000",
            "depreciationAndAmortization": "67610000",
            "incomeBeforeTax": "1765860000",
            "incomeTaxExpense": "477931000",
            "interestAndDebtExpense": "14069000",
            "netIncomeFromContinuingOperations": "1305424000",
            "comprehensiveIncomeNetOfTax": "1719911000",
            "ebit": "1779929000",
            "ebitda": "1847539000",
            "netIncome": "1287929000"
        },
        {
            "fiscalDateEnding": "2020-05-31",
            "reportedCurrency": "USD",
            "grossProfit": "3528688000",
            "totalRevenue": "10991305000",
            "costOfRevenue": "7462617000",
            "costofGoodsAndServicesSold": "7462617000",
            "operatingIncome": "1712733000",
            "sellingGeneralAndAdministrative": "1815955000",
            "researchAndDevelopment": "None",
            "operatingExpenses": "1878838000",
            "investmentIncomeNet": "12671000",
            "netInterestIncome": "-4961000",
            "interestIncome": "12671000",
            "interestExpense": "4961000",
            "nonInterestIncome": "-17132000",
            "otherNonOperatingIncome": "-39670000",
            "depreciation": "119148000",
            "depreciationAndAmortization": "62883000",
            "incomeBeforeTax": "1656336000",
            "incomeTaxExpense": "428134000",
            "interestAndDebtExpense": "4961000",
            "netIncomeFromContinuingOperations": "1252639000",
            "comprehensiveIncomeNetOfTax": "1036640000",
            "ebit": "1661297000",
            "ebitda": "1724180000",
            "netIncome": "1228202000"
        },
        {
            "fiscalDateEnding": "2020-02-29",
            "reportedCurrency": "USD",
            "grossProfit": "3359171000",
            "totalRevenue": "11141505000",
            "costOfRevenue": "7782334000",
            "costofGoodsAndServicesSold": "7782334000",
            "operatingIncome": "1488945000",
            "sellingGeneralAndAdministrative": "1870226000",
            "researchAndDevelopment": "None",
            "operatingExpenses": "1926025000",
            "investmentIncomeNet": "21386000",
            "netInterestIncome": "-8567000",
            "interestIncome": "21386000",
            "interestExpense": "8567000",
            "nonInterestIncome": "-1461000",
            "otherNonOperatingIncome": "7792000",
            "depreciation": "122592000",
            "depreciationAndAmortization": "55799000",
            "incomeBeforeTax": "1492214000",
            "incomeTaxExpense": "257474000",
            "interestAndDebtExpense": "8567000",
            "netIncomeFromContinuingOperations": "1252082000",
            "comprehensiveIncomeNetOfTax": "1212451000",
            "ebit": "1500781000",
            "ebitda": "1556580000",
            "netIncome": "1234740000"
        },
        {
            "fiscalDateEnding": "2019-11-30",
            "reportedCurrency": "USD",
            "grossProfit": "3647759000",
            "totalRevenue": "11358958000",
            "costOfRevenue": "7711199000",
            "costofGoodsAndServicesSold": "7711199000",
            "operatingIncome": "1767263000",
            "sellingGeneralAndAdministrative": "1880496000",
            "researchAndDevelopment": "None",
            "operatingExpenses": "1933868000",
            "investmentIncomeNet": "27419000",
            "netInterestIncome": "-5474000",
            "interestIncome": "27419000",
            "interestExpense": "5474000",
            "nonInterestIncome": "56619000",
            "otherNonOperatingIncome": "11439000",
            "depreciation": "97090000",
            "depreciationAndAmortization": "53372000",
            "incomeBeforeTax": "1782447000",
            "incomeTaxExpense": "425479000",
            "interestAndDebtExpense": "5474000",
            "netIncomeFromContinuingOperations": "1375168000",
            "comprehensiveIncomeNetOfTax": "1417577000",
            "ebit": "1787921000",
            "ebitda": "1841293000",
            "netIncome": "1356968000"
        },
        {
            "fiscalDateEnding": "2019-08-31",
            "reportedCurrency": "USD",
            "grossProfit": "3434616000",
            "totalRevenue": "11055650000",
            "costOfRevenue": "7621034000",
            "costofGoodsAndServicesSold": "7621034000",
            "operatingIncome": "1571493000",
            "sellingGeneralAndAdministrative": "1863123000",
            "researchAndDevelopment": "None",
            "operatingExpenses": "2714474000",
            "investmentIncomeNet": "27394000",
            "netInterestIncome": "-7491000",
            "interestIncome": "27394000",
            "interestExpense": "7491000",
            "nonInterestIncome": "23866000",
            "otherNonOperatingIncome": "-30644000",
            "depreciation": "118050000",
            "depreciationAndAmortization": "51617000",
            "incomeBeforeTax": "1545631000",
            "incomeTaxExpense": "415204000",
            "interestAndDebtExpense": "7491000",
            "netIncomeFromContinuingOperations": "1145548000",
            "comprehensiveIncomeNetOfTax": "756359000",
            "ebit": "1553122000",
            "ebitda": "1604739000",
            "netIncome": "1130427000"
        },
        {
            "fiscalDateEnding": "2019-05-31",
            "reportedCurrency": "USD",
            "grossProfit": "3528298000",
            "totalRevenue": "11099688000",
            "costOfRevenue": "7571390000",
            "costofGoodsAndServicesSold": "7571390000",
            "operatingIncome": "1717943000",
            "sellingGeneralAndAdministrative": "1810355000",
            "researchAndDevelopment": "None",
            "operatingExpenses": "1855041000",
            "investmentIncomeNet": "21402000",
            "netInterestIncome": "-5348000",
            "interestIncome": "21402000",
            "interestExpense": "5348000",
            "nonInterestIncome": "10319000",
            "otherNonOperatingIncome": "-29690000",
            "depreciation": "109398000",
            "depreciationAndAmortization": "44686000",
            "incomeBeforeTax": "1685174000",
            "incomeTaxExpense": "435658000",
            "interestAndDebtExpense": "5348000",
            "netIncomeFromContinuingOperations": "1268649000",
            "comprehensiveIncomeNetOfTax": "1248020000",
            "ebit": "1690522000",
            "ebitda": "1735208000",
            "netIncome": "1249516000"
        },
        {
            "fiscalDateEnding": "2019-02-28",
            "reportedCurrency": "USD",
            "grossProfit": "3054349000",
            "totalRevenue": "10454129000",
            "costOfRevenue": "7399780000",
            "costofGoodsAndServicesSold": "7399780000",
            "operatingIncome": "1386626000",
            "sellingGeneralAndAdministrative": "1667723000",
            "researchAndDevelopment": "None",
            "operatingExpenses": "1708477000",
            "investmentIncomeNet": "19081000",
            "netInterestIncome": "-5619000",
            "interestIncome": "19081000",
            "interestExpense": "5619000",
            "nonInterestIncome": "28945000",
            "otherNonOperatingIncome": "-23834000",
            "depreciation": "110635000",
            "depreciationAndAmortization": "40754000",
            "incomeBeforeTax": "1359983000",
            "incomeTaxExpense": "235534000",
            "interestAndDebtExpense": "5619000",
            "netIncomeFromContinuingOperations": "1140720000",
            "comprehensiveIncomeNetOfTax": "1135982000",
            "ebit": "1365602000",
            "ebitda": "1406356000",
            "netIncome": "1124449000"
        },
        {
            "fiscalDateEnding": "2018-11-30",
            "reportedCurrency": "USD",
            "grossProfit": "3297425000",
            "totalRevenue": "10605546000",
            "costOfRevenue": "7308121000",
            "costofGoodsAndServicesSold": "7308121000",
            "operatingIncome": "1629012000",
            "sellingGeneralAndAdministrative": "1668413000",
            "researchAndDevelopment": "None",
            "operatingExpenses": "1708506000",
            "investmentIncomeNet": "19631000",
            "netInterestIncome": "-4505000",
            "interestIncome": "None",
            "interestExpense": "4505000",
            "nonInterestIncome": "-48983000",
            "otherNonOperatingIncome": "-33654000",
            "depreciation": "102713000",
            "depreciationAndAmortization": "40093000",
            "incomeBeforeTax": "1593880000",
            "incomeTaxExpense": "319160000",
            "interestAndDebtExpense": "4505000",
            "netIncomeFromContinuingOperations": "1291324000",
            "comprehensiveIncomeNetOfTax": "1374345000",
            "ebit": "1598385000",
            "ebitda": "1638478000",
            "netIncome": "1274720000"
        },
        {
            "fiscalDateEnding": "2018-08-31",
            "reportedCurrency": "USD",
            "grossProfit": "3237656000",
            "totalRevenue": "10503987000",
            "costOfRevenue": "7266331000",
            "costofGoodsAndServicesSold": "7419118000",
            "operatingIncome": "1469684000",
            "sellingGeneralAndAdministrative": "1770460000",
            "researchAndDevelopment": "790779000",
            "operatingExpenses": "2603988000",
            "investmentIncomeNet": "22755000",
            "netInterestIncome": "-5153000",
            "interestIncome": "None",
            "interestExpense": "5153000",
            "nonInterestIncome": "179993000",
            "otherNonOperatingIncome": "-30672000",
            "depreciation": "108061000",
            "depreciationAndAmortization": "42749000",
            "incomeBeforeTax": "1437767000",
            "incomeTaxExpense": "408243000",
            "interestAndDebtExpense": "5153000",
            "netIncomeFromContinuingOperations": "1048371000",
            "comprehensiveIncomeNetOfTax": "797054000",
            "ebit": "1442920000",
            "ebitda": "1485669000",
            "netIncome": "1029524000"
        },
        {
            "fiscalDateEnding": "2018-05-31",
            "reportedCurrency": "USD",
            "grossProfit": "3332015000",
            "totalRevenue": "10694996000",
            "costOfRevenue": "7362981000",
            "costofGoodsAndServicesSold": "7362981000",
            "operatingIncome": "1634875000",
            "sellingGeneralAndAdministrative": "1699402000",
            "researchAndDevelopment": "None",
            "operatingExpenses": "1740281000",
            "investmentIncomeNet": "12687000",
            "netInterestIncome": "-5839000",
            "interestIncome": "None",
            "interestExpense": "5839000",
            "nonInterestIncome": "-84480000",
            "otherNonOperatingIncome": "-29165000",
            "depreciation": "101814000",
            "depreciationAndAmortization": "40879000",
            "incomeBeforeTax": "1597437000",
            "incomeTaxExpense": "554417000",
            "interestAndDebtExpense": "5839000",
            "netIncomeFromContinuingOperations": "1058141000",
            "comprehensiveIncomeNetOfTax": "765585000",
            "ebit": "1603276000",
            "ebitda": "1644155000",
            "netIncome": "1043020000"
        },
        {
            "fiscalDateEnding": "2018-02-28",
            "reportedCurrency": "USD",
            "grossProfit": "2859540000",
            "totalRevenue": "9909238000",
            "costOfRevenue": "7049698000",
            "costofGoodsAndServicesSold": "7049698000",
            "operatingIncome": "1296044000",
            "sellingGeneralAndAdministrative": "1565630000",
            "researchAndDevelopment": "None",
            "operatingExpenses": "1607561000",
            "investmentIncomeNet": "9459000",
            "netInterestIncome": "-3840000",
            "interestIncome": "None",
            "interestExpense": "3840000",
            "nonInterestIncome": "-56316000",
            "otherNonOperatingIncome": "-56866000",
            "depreciation": "107445000",
            "depreciationAndAmortization": "41931000",
            "incomeBeforeTax": "1188960000",
            "incomeTaxExpense": "325257000",
            "interestAndDebtExpense": "3840000",
            "netIncomeFromContinuingOperations": "919540000",
            "comprehensiveIncomeNetOfTax": "930590000",
            "ebit": "1192800000",
            "ebitda": "1234731000",
            "netIncome": "863703000"
        },
        {
            "fiscalDateEnding": "2017-11-30",
            "reportedCurrency": "USD",
            "grossProfit": "3064153000",
            "totalRevenue": "9884313000",
            "costOfRevenue": "6820160000",
            "costofGoodsAndServicesSold": "6820160000",
            "operatingIncome": "1498176000",
            "sellingGeneralAndAdministrative": "1566380000",
            "researchAndDevelopment": "None",
            "operatingExpenses": "1611008000",
            "investmentIncomeNet": "11436000",
            "netInterestIncome": "-4707000",
            "interestIncome": "None",
            "interestExpense": "4707000",
            "nonInterestIncome": "-9534000",
            "otherNonOperatingIncome": "-10781000",
            "depreciation": "106151000",
            "depreciationAndAmortization": "44628000",
            "incomeBeforeTax": "1429242000",
            "incomeTaxExpense": "305582000",
            "interestAndDebtExpense": "4707000",
            "netIncomeFromContinuingOperations": "1188542000",
            "comprehensiveIncomeNetOfTax": "1085291000",
            "ebit": "1433949000",
            "ebitda": "1478577000",
            "netIncome": "1123660000"
        },
        {
            "fiscalDateEnding": "2017-08-31",
            "reportedCurrency": "USD",
            "grossProfit": "2886673000",
            "totalRevenue": "9640906000",
            "costOfRevenue": "6754233000",
            "costofGoodsAndServicesSold": "6754233000",
            "operatingIncome": "1296562000",
            "sellingGeneralAndAdministrative": "1590111000",
            "researchAndDevelopment": "704317000",
            "operatingExpenses": "2331840000",
            "investmentIncomeNet": "12366000",
            "netInterestIncome": "-4908000",
            "interestIncome": "None",
            "interestExpense": "4908000",
            "nonInterestIncome": "128874000",
            "otherNonOperatingIncome": "-64874000",
            "depreciation": "107010000",
            "depreciationAndAmortization": "41267000",
            "incomeBeforeTax": "1241280000",
            "incomeTaxExpense": "308827000",
            "interestAndDebtExpense": "4908000",
            "netIncomeFromContinuingOperations": "983174000",
            "comprehensiveIncomeNetOfTax": "1173192000",
            "ebit": "1246188000",
            "ebitda": "1287455000",
            "netIncome": "932453000"
        },
        {
            "fiscalDateEnding": "2017-05-31",
            "reportedCurrency": "USD",
            "grossProfit": "2909631000",
            "totalRevenue": "9356787000",
            "costOfRevenue": "6447156000",
            "costofGoodsAndServicesSold": "6447156000",
            "operatingIncome": "865435000",
            "sellingGeneralAndAdministrative": "1534403000",
            "researchAndDevelopment": "None",
            "operatingExpenses": "1567859000",
            "investmentIncomeNet": "8549000",
            "netInterestIncome": "-3613000",
            "interestIncome": "None",
            "interestExpense": "3613000",
            "nonInterestIncome": "97277000",
            "otherNonOperatingIncome": "-4213000",
            "depreciation": "86148000",
            "depreciationAndAmortization": "41698000",
            "incomeBeforeTax": "839067000",
            "incomeTaxExpense": "169599000",
            "interestAndDebtExpense": "3613000",
            "netIncomeFromContinuingOperations": "704801000",
            "comprehensiveIncomeNetOfTax": "1073296000",
            "ebit": "842680000",
            "ebitda": "884378000",
            "netIncome": "669468000"
        },
        {
            "fiscalDateEnding": "2017-02-28",
            "reportedCurrency": "USD",
            "grossProfit": "2504156000",
            "totalRevenue": "8762182000",
            "costOfRevenue": "6258026000",
            "costofGoodsAndServicesSold": "6258026000",
            "operatingIncome": "1138653000",
            "sellingGeneralAndAdministrative": "1365503000",
            "researchAndDevelopment": "None",
            "operatingExpenses": "1411176000",
            "investmentIncomeNet": "8728000",
            "netInterestIncome": "-3976000",
            "interestIncome": "None",
            "interestExpense": "3976000",
            "nonInterestIncome": "7431000",
            "otherNonOperatingIncome": "-12546000",
            "depreciation": "84639000",
            "depreciationAndAmortization": "33324000",
            "incomeBeforeTax": "1070054000",
            "incomeTaxExpense": "231302000",
            "interestAndDebtExpense": "3976000",
            "netIncomeFromContinuingOperations": "887208000",
            "comprehensiveIncomeNetOfTax": "954619000",
            "ebit": "1074030000",
            "ebitda": "1107354000",
            "netIncome": "838752000"
        },
        {
            "fiscalDateEnding": "2016-11-30",
            "reportedCurrency": "USD",
            "grossProfit": "2730032000",
            "totalRevenue": "9005603000",
            "costOfRevenue": "6275571000",
            "costofGoodsAndServicesSold": "6275571000",
            "operatingIncome": "1331959000",
            "sellingGeneralAndAdministrative": "1398073000",
            "researchAndDevelopment": "None",
            "operatingExpenses": "1431201000",
            "investmentIncomeNet": "8297000",
            "netInterestIncome": "-3048000",
            "interestIncome": "None",
            "interestExpense": "3048000",
            "nonInterestIncome": "-138094000",
            "otherNonOperatingIncome": "-6087000",
            "depreciation": "85020000",
            "depreciationAndAmortization": "33128000",
            "incomeBeforeTax": "1275848000",
            "incomeTaxExpense": "271372000",
            "interestAndDebtExpense": "3048000",
            "netIncomeFromContinuingOperations": "1059749000",
            "comprehensiveIncomeNetOfTax": "810978000",
            "ebit": "1278896000",
            "ebitda": "1312024000",
            "netIncome": "1004476000"
        },
        {
            "fiscalDateEnding": "2016-08-31",
            "reportedCurrency": "USD",
            "grossProfit": "2655540000",
            "totalRevenue": "8965580000",
            "costOfRevenue": "6310040000",
            "costofGoodsAndServicesSold": "6310040000",
            "operatingIncome": "1195198000",
            "sellingGeneralAndAdministrative": "1460342000",
            "researchAndDevelopment": "643407000",
            "operatingExpenses": "1838686000",
            "investmentIncomeNet": "8952000",
            "netInterestIncome": "-3952000",
            "interestIncome": "None",
            "interestExpense": "3952000",
            "nonInterestIncome": "278512000",
            "otherNonOperatingIncome": "-36531000",
            "depreciation": "None",
            "depreciationAndAmortization": "30183000",
            "incomeBeforeTax": "1397358000",
            "incomeTaxExpense": "328132000",
            "interestAndDebtExpense": "3952000",
            "netIncomeFromContinuingOperations": "1130781000",
            "comprehensiveIncomeNetOfTax": "800112000",
            "ebit": "1401310000",
            "ebitda": "1431493000",
            "netIncome": "1069226000"
        },
        {
            "fiscalDateEnding": "2016-05-31",
            "reportedCurrency": "USD",
            "grossProfit": "2689552000",
            "totalRevenue": "8969044000",
            "costOfRevenue": "6279492000",
            "costofGoodsAndServicesSold": "6279492000",
            "operatingIncome": "1305943000",
            "sellingGeneralAndAdministrative": "1383609000",
            "researchAndDevelopment": "None",
            "operatingExpenses": "1413944000",
            "investmentIncomeNet": "7679000",
            "netInterestIncome": "-3711000",
            "interestIncome": "None",
            "interestExpense": "3711000",
            "nonInterestIncome": "16242000",
            "otherNonOperatingIncome": "-16207000",
            "depreciation": "None",
            "depreciationAndAmortization": "30335000",
            "incomeBeforeTax": "1240668000",
            "incomeTaxExpense": "343421000",
            "interestAndDebtExpense": "3711000",
            "netIncomeFromContinuingOperations": "950283000",
            "comprehensiveIncomeNetOfTax": "1026274000",
            "ebit": "1244379000",
            "ebitda": "1274714000",
            "netIncome": "897247000"
        },
        {
            "fiscalDateEnding": "2016-02-29",
            "reportedCurrency": "USD",
            "grossProfit": "2369816000",
            "totalRevenue": "8397053000",
            "costOfRevenue": "6027237000",
            "costofGoodsAndServicesSold": "6027237000",
            "operatingIncome": "1088044000",
            "sellingGeneralAndAdministrative": "1281772000",
            "researchAndDevelopment": "None",
            "operatingExpenses": "757835000",
            "investmentIncomeNet": "6727000",
            "netInterestIncome": "-4543000",
            "interestIncome": "None",
            "interestExpense": "4543000",
            "nonInterestIncome": "569155000",
            "otherNonOperatingIncome": "-21213000",
            "depreciation": "None",
            "depreciationAndAmortization": "29640000",
            "incomeBeforeTax": "1549254000",
            "incomeTaxExpense": "222734000",
            "interestAndDebtExpense": "4543000",
            "netIncomeFromContinuingOperations": "1399858000",
            "comprehensiveIncomeNetOfTax": "1294360000",
            "ebit": "1553797000",
            "ebitda": "1583437000",
            "netIncome": "1326520000"
        },
        {
            "fiscalDateEnding": "2015-11-30",
            "reportedCurrency": "USD",
            "grossProfit": "2562519000",
            "totalRevenue": "8465984000",
            "costOfRevenue": "5903465000",
            "costofGoodsAndServicesSold": "5903465000",
            "operatingIncome": "1221260000",
            "sellingGeneralAndAdministrative": "1341259000",
            "researchAndDevelopment": "None",
            "operatingExpenses": "1341259000",
            "investmentIncomeNet": "7126000",
            "netInterestIncome": "-4052000",
            "interestIncome": "None",
            "interestExpense": "4052000",
            "nonInterestIncome": "-72977000",
            "otherNonOperatingIncome": "4029000",
            "depreciation": "None",
            "depreciationAndAmortization": "27724000",
            "incomeBeforeTax": "1178581000",
            "incomeTaxExpense": "359682000",
            "interestAndDebtExpense": "4052000",
            "netIncomeFromContinuingOperations": "868681000",
            "comprehensiveIncomeNetOfTax": "741398000",
            "ebit": "1182633000",
            "ebitda": "1210357000",
            "netIncome": "818899000"
        },
        {
            "fiscalDateEnding": "2015-08-31",
            "reportedCurrency": "USD",
            "grossProfit": "2504405000",
            "totalRevenue": "8364511000",
            "costOfRevenue": "5860106000",
            "costofGoodsAndServicesSold": "5860106000",
            "operatingIncome": "1093608000",
            "sellingGeneralAndAdministrative": "1410797000",
            "researchAndDevelopment": "625541000",
            "operatingExpenses": "2135971000",
            "investmentIncomeNet": "8111000",
            "netInterestIncome": "-3832000",
            "interestIncome": "None",
            "interestExpense": "3832000",
            "nonInterestIncome": "9140000",
            "otherNonOperatingIncome": "-16426000",
            "depreciation": "None",
            "depreciationAndAmortization": "28891000",
            "incomeBeforeTax": "1030964000",
            "incomeTaxExpense": "293336000",
            "interestAndDebtExpense": "3832000",
            "netIncomeFromContinuingOperations": "788125000",
            "comprehensiveIncomeNetOfTax": "577924000",
            "ebit": "1034796000",
            "ebitda": "1063687000",
            "netIncome": "737628000"
        },
        {
            "fiscalDateEnding": "2015-05-31",
            "reportedCurrency": "USD",
            "grossProfit": "2524905000",
            "totalRevenue": "8275066000",
            "costOfRevenue": "5750161000",
            "costofGoodsAndServicesSold": "5750161000",
            "operatingIncome": "1133519000",
            "sellingGeneralAndAdministrative": "1327004000",
            "researchAndDevelopment": "None",
            "operatingExpenses": "1327004000",
            "investmentIncomeNet": "6441000",
            "netInterestIncome": "-4030000",
            "interestIncome": "None",
            "interestExpense": "4030000",
            "nonInterestIncome": "-67040000",
            "otherNonOperatingIncome": "-3839000",
            "depreciation": "None",
            "depreciationAndAmortization": "23164000",
            "incomeBeforeTax": "1075558000",
            "incomeTaxExpense": "281861000",
            "interestAndDebtExpense": "4030000",
            "netIncomeFromContinuingOperations": "850230000",
            "comprehensiveIncomeNetOfTax": "674319000",
            "ebit": "1079588000",
            "ebitda": "1102752000",
            "netIncome": "793697000"
        },
        {
            "fiscalDateEnding": "2015-02-28",
            "reportedCurrency": "USD",
            "grossProfit": "2240639000",
            "totalRevenue": "7931590000",
            "costOfRevenue": "5690951000",
            "costofGoodsAndServicesSold": "5690951000",
            "operatingIncome": "1021033000",
            "sellingGeneralAndAdministrative": "1219606000",
            "researchAndDevelopment": "None",
            "operatingExpenses": "1219606000",
            "investmentIncomeNet": "9340000",
            "netInterestIncome": "-3905000",
            "interestIncome": "None",
            "interestExpense": "3905000",
            "nonInterestIncome": "-67060000",
            "otherNonOperatingIncome": "-21508000",
            "depreciation": "None",
            "depreciationAndAmortization": "19856000",
            "incomeBeforeTax": "952494000",
            "incomeTaxExpense": "261768000",
            "interestAndDebtExpense": "3905000",
            "netIncomeFromContinuingOperations": "743192000",
            "comprehensiveIncomeNetOfTax": "598545000",
            "ebit": "956399000",
            "ebitda": "976255000",
            "netIncome": "690726000"
        },
        {
            "fiscalDateEnding": "2014-11-30",
            "reportedCurrency": "USD",
            "grossProfit": "2539290000",
            "totalRevenue": "8343257000",
            "costOfRevenue": "5803967000",
            "costofGoodsAndServicesSold": "5803967000",
            "operatingIncome": "1187709000",
            "sellingGeneralAndAdministrative": "1351581000",
            "researchAndDevelopment": "None",
            "operatingExpenses": "1351581000",
            "investmentIncomeNet": "10099000",
            "netInterestIncome": "-2811000",
            "interestIncome": "None",
            "interestExpense": "2811000",
            "nonInterestIncome": "-105530000",
            "otherNonOperatingIncome": "-2979000",
            "depreciation": "None",
            "depreciationAndAmortization": "27722000",
            "incomeBeforeTax": "1131306000",
            "incomeTaxExpense": "299776000",
            "interestAndDebtExpense": "2811000",
            "netIncomeFromContinuingOperations": "892242000",
            "comprehensiveIncomeNetOfTax": "662769000",
            "ebit": "1134117000",
            "ebitda": "1161839000",
            "netIncome": "831530000"
        },
        {
            "fiscalDateEnding": "2014-08-31",
            "reportedCurrency": "USD",
            "grossProfit": "2468620000",
            "totalRevenue": "8267319000",
            "costOfRevenue": "5798699000",
            "costofGoodsAndServicesSold": "5798699000",
            "operatingIncome": "1079365000",
            "sellingGeneralAndAdministrative": "1389255000",
            "researchAndDevelopment": "639513000",
            "operatingExpenses": "2211219000",
            "investmentIncomeNet": "8141000",
            "netInterestIncome": "-5325000",
            "interestIncome": "None",
            "interestExpense": "5325000",
            "nonInterestIncome": "-11587000",
            "otherNonOperatingIncome": "5877000",
            "depreciation": "None",
            "depreciationAndAmortization": "164079000",
            "incomeBeforeTax": "1028906000",
            "incomeTaxExpense": "327890000",
            "interestAndDebtExpense": "5325000",
            "netIncomeFromContinuingOperations": "760168000",
            "comprehensiveIncomeNetOfTax": "535480000",
            "ebit": "1034231000",
            "ebitda": "1257462000",
            "netIncome": "701016000"
        },
        {
            "fiscalDateEnding": "2014-05-31",
            "reportedCurrency": "USD",
            "grossProfit": "2536357000",
            "totalRevenue": "8240180000",
            "costOfRevenue": "5703823000",
            "costofGoodsAndServicesSold": "5703823000",
            "operatingIncome": "1178766000",
            "sellingGeneralAndAdministrative": "1357591000",
            "researchAndDevelopment": "None",
            "operatingExpenses": "1340842000",
            "investmentIncomeNet": "7513000",
            "netInterestIncome": "-4290000",
            "interestIncome": "None",
            "interestExpense": "4290000",
            "nonInterestIncome": "21039000",
            "otherNonOperatingIncome": "-6051000",
            "depreciation": "None",
            "depreciationAndAmortization": "162197000",
            "incomeBeforeTax": "1111461000",
            "incomeTaxExpense": "294125000",
            "interestAndDebtExpense": "4290000",
            "netIncomeFromContinuingOperations": "881813000",
            "comprehensiveIncomeNetOfTax": "977425000",
            "ebit": "1115751000",
            "ebitda": "1342425000",
            "netIncome": "817336000"
        },
        {
            "fiscalDateEnding": "2014-02-28",
            "reportedCurrency": "USD",
            "grossProfit": "2230142000",
            "totalRevenue": "7567483000",
            "costOfRevenue": "5337341000",
            "costofGoodsAndServicesSold": "5337341000",
            "operatingIncome": "951282000",
            "sellingGeneralAndAdministrative": "1278860000",
            "researchAndDevelopment": "None",
            "operatingExpenses": "1271775000",
            "investmentIncomeNet": "7960000",
            "netInterestIncome": "-4348000",
            "interestIncome": "None",
            "interestExpense": "4348000",
            "nonInterestIncome": "11433000",
            "otherNonOperatingIncome": "-4766000",
            "depreciation": "None",
            "depreciationAndAmortization": "149140000",
            "incomeBeforeTax": "899097000",
            "incomeTaxExpense": "227797000",
            "interestAndDebtExpense": "4348000",
            "netIncomeFromContinuingOperations": "722331000",
            "comprehensiveIncomeNetOfTax": "690513000",
            "ebit": "903445000",
            "ebitda": "1103616000",
            "netIncome": "671300000"
        },
        {
            "fiscalDateEnding": "2013-11-30",
            "reportedCurrency": "USD",
            "grossProfit": "2449347000",
            "totalRevenue": "7799696000",
            "costOfRevenue": "5350349000",
            "costofGoodsAndServicesSold": "5350349000",
            "operatingIncome": "1091099000",
            "sellingGeneralAndAdministrative": "1376263000",
            "researchAndDevelopment": "None",
            "operatingExpenses": "1292878000",
            "investmentIncomeNet": "6756000",
            "netInterestIncome": "-3658000",
            "interestIncome": "None",
            "interestExpense": "3658000",
            "nonInterestIncome": "87043000",
            "otherNonOperatingIncome": "-10620000",
            "depreciation": "None",
            "depreciationAndAmortization": "145327000",
            "incomeBeforeTax": "1023777000",
            "incomeTaxExpense": "271931000",
            "interestAndDebtExpense": "3658000",
            "netIncomeFromContinuingOperations": "811646000",
            "comprehensiveIncomeNetOfTax": "918878000",
            "ebit": "1027435000",
            "ebitda": "1214547000",
            "netIncome": "751846000"
        },
        {
            "fiscalDateEnding": "2013-08-31",
            "reportedCurrency": "USD",
            "grossProfit": "2349600000",
            "totalRevenue": "7524994000",
            "costOfRevenue": "5175394000",
            "costofGoodsAndServicesSold": "5175394000",
            "operatingIncome": "983503000",
            "sellingGeneralAndAdministrative": "1365613000",
            "researchAndDevelopment": "715094000",
            "operatingExpenses": "2082964000",
            "investmentIncomeNet": "7016000",
            "netInterestIncome": "-2257000",
            "interestIncome": "None",
            "interestExpense": "2257000",
            "nonInterestIncome": "70325000",
            "otherNonOperatingIncome": "-23358000",
            "depreciation": "None",
            "depreciationAndAmortization": "153707000",
            "incomeBeforeTax": "908578000",
            "incomeTaxExpense": "237577000",
            "interestAndDebtExpense": "2257000",
            "netIncomeFromContinuingOperations": "727327000",
            "comprehensiveIncomeNetOfTax": "470406000",
            "ebit": "910835000",
            "ebitda": "1121352000",
            "netIncome": "671001000"
        },
        {
            "fiscalDateEnding": "2013-05-31",
            "reportedCurrency": "USD",
            "grossProfit": "2438019000",
            "totalRevenue": "7707935000",
            "costOfRevenue": "5269916000",
            "costofGoodsAndServicesSold": "5269916000",
            "operatingIncome": "1141971000",
            "sellingGeneralAndAdministrative": "1345272000",
            "researchAndDevelopment": "None",
            "operatingExpenses": "1348860000",
            "investmentIncomeNet": "7251000",
            "netInterestIncome": "-3588000",
            "interestIncome": "None",
            "interestExpense": "3588000",
            "nonInterestIncome": "-59586000",
            "otherNonOperatingIncome": "951000",
            "depreciation": "None",
            "depreciationAndAmortization": "142131000",
            "incomeBeforeTax": "1082780000",
            "incomeTaxExpense": "272522000",
            "interestAndDebtExpense": "3588000",
            "netIncomeFromContinuingOperations": "874063000",
            "comprehensiveIncomeNetOfTax": "646700000",
            "ebit": "1086368000",
            "ebitda": "1243080000",
            "netIncome": "810258000"
        },
        {
            "fiscalDateEnding": "2013-02-28",
            "reportedCurrency": "USD",
            "grossProfit": "2230363000",
            "totalRevenue": "7493320000",
            "costOfRevenue": "5262957000",
            "costofGoodsAndServicesSold": "5262957000",
            "operatingIncome": "1164532000",
            "sellingGeneralAndAdministrative": "1289598000",
            "researchAndDevelopment": "None",
            "operatingExpenses": "1293239000",
            "investmentIncomeNet": "9859000",
            "netInterestIncome": "-3641000",
            "interestIncome": "None",
            "interestExpense": "3641000",
            "nonInterestIncome": "-15764000",
            "otherNonOperatingIncome": "10599000",
            "depreciation": "None",
            "depreciationAndAmortization": "157266000",
            "incomeBeforeTax": "1096053000",
            "incomeTaxExpense": "-5749000",
            "interestAndDebtExpense": "3641000",
            "netIncomeFromContinuingOperations": "1187098000",
            "comprehensiveIncomeNetOfTax": "1023607000",
            "ebit": "1099694000",
            "ebitda": "1118489000",
            "netIncome": "1101802000"
        },
        {
            "fiscalDateEnding": "2012-11-30",
            "reportedCurrency": "USD",
            "grossProfit": "2366193000",
            "totalRevenue": "7668036000",
            "costOfRevenue": "5301843000",
            "costofGoodsAndServicesSold": "5301843000",
            "operatingIncome": "1048674000",
            "sellingGeneralAndAdministrative": "1317054000",
            "researchAndDevelopment": "None",
            "operatingExpenses": "1321603000",
            "investmentIncomeNet": "8767000",
            "netInterestIncome": "-4549000",
            "interestIncome": "None",
            "interestExpense": "4549000",
            "nonInterestIncome": "36687000",
            "otherNonOperatingIncome": "-6436000",
            "depreciation": "None",
            "depreciationAndAmortization": "139924000",
            "incomeBeforeTax": "979242000",
            "incomeTaxExpense": "280425000",
            "interestAndDebtExpense": "4549000",
            "netIncomeFromContinuingOperations": "766031000",
            "comprehensiveIncomeNetOfTax": "766567000",
            "ebit": "983791000",
            "ebitda": "1197830000",
            "netIncome": "698817000"
        },
        {
            "fiscalDateEnding": "2012-08-31",
            "reportedCurrency": "USD",
            "grossProfit": "2248890000",
            "totalRevenue": "7288259000",
            "costOfRevenue": "5039369000",
            "costofGoodsAndServicesSold": "5039369000",
            "operatingIncome": "940350000",
            "sellingGeneralAndAdministrative": "1308107000",
            "researchAndDevelopment": "559611000",
            "operatingExpenses": "1870904000",
            "investmentIncomeNet": "11488000",
            "netInterestIncome": "-3186000",
            "interestIncome": "None",
            "interestExpense": "3186000",
            "nonInterestIncome": "None",
            "otherNonOperatingIncome": "-2498000",
            "depreciation": "None",
            "depreciationAndAmortization": "178909000",
            "incomeBeforeTax": "888281000",
            "incomeTaxExpense": "309999000",
            "interestAndDebtExpense": "3186000",
            "netIncomeFromContinuingOperations": "636155000",
            "comprehensiveIncomeNetOfTax": "496688000",
            "ebit": "891467000",
            "ebitda": "1131180000",
            "netIncome": "578282000"
        },
        {
            "fiscalDateEnding": "2012-05-31",
            "reportedCurrency": "USD",
            "grossProfit": "2370905000",
            "totalRevenue": "7640790000",
            "costOfRevenue": "5269885000",
            "costofGoodsAndServicesSold": "5269885000",
            "operatingIncome": "1060761000",
            "sellingGeneralAndAdministrative": "1309709000",
            "researchAndDevelopment": "None",
            "operatingExpenses": "1313206000",
            "investmentIncomeNet": "11304000",
            "netInterestIncome": "-3497000",
            "interestIncome": "None",
            "interestExpense": "3497000",
            "nonInterestIncome": "None",
            "otherNonOperatingIncome": "-2115000",
            "depreciation": "None",
            "depreciationAndAmortization": "135001000",
            "incomeBeforeTax": "992841000",
            "incomeTaxExpense": "303622000",
            "interestAndDebtExpense": "3497000",
            "netIncomeFromContinuingOperations": "762831000",
            "comprehensiveIncomeNetOfTax": "374789000",
            "ebit": "996338000",
            "ebitda": "1207501000",
            "netIncome": "689219000"
        },
        {
            "fiscalDateEnding": "2012-02-29",
            "reportedCurrency": "USD",
            "grossProfit": "2116366000",
            "totalRevenue": "7259828000",
            "costOfRevenue": "5143462000",
            "costofGoodsAndServicesSold": "5143462000",
            "operatingIncome": "889299000",
            "sellingGeneralAndAdministrative": "1226652000",
            "researchAndDevelopment": "None",
            "operatingExpenses": "1230872000",
            "investmentIncomeNet": "9246000",
            "netInterestIncome": "-4220000",
            "interestIncome": "None",
            "interestExpense": "4220000",
            "nonInterestIncome": "None",
            "otherNonOperatingIncome": "4215000",
            "depreciation": "None",
            "depreciationAndAmortization": "147010000",
            "incomeBeforeTax": "828273000",
            "incomeTaxExpense": "184350000",
            "interestAndDebtExpense": "4220000",
            "netIncomeFromContinuingOperations": "714190000",
            "comprehensiveIncomeNetOfTax": "814282000",
            "ebit": "832493000",
            "ebitda": "1045970000",
            "netIncome": "643923000"
        },
        {
            "fiscalDateEnding": "2011-11-30",
            "reportedCurrency": "USD",
            "grossProfit": "2251540000",
            "totalRevenue": "7589108000",
            "costOfRevenue": "5337568000",
            "costofGoodsAndServicesSold": "5337568000",
            "operatingIncome": "981138000",
            "sellingGeneralAndAdministrative": "1269994000",
            "researchAndDevelopment": "None",
            "operatingExpenses": "1274152000",
            "investmentIncomeNet": "10512000",
            "netInterestIncome": "-4158000",
            "interestIncome": "None",
            "interestExpense": "4158000",
            "nonInterestIncome": "None",
            "otherNonOperatingIncome": "5535000",
            "depreciation": "None",
            "depreciationAndAmortization": "132625000",
            "incomeBeforeTax": "923356000",
            "incomeTaxExpense": "281270000",
            "interestAndDebtExpense": "4158000",
            "netIncomeFromContinuingOperations": "711757000",
            "comprehensiveIncomeNetOfTax": "323983000",
            "ebit": "927514000",
            "ebitda": "1124683000",
            "netIncome": "642086000"
        },
        {
            "fiscalDateEnding": "2011-08-31",
            "reportedCurrency": "USD",
            "grossProfit": "2215387000",
            "totalRevenue": "7174073000",
            "costOfRevenue": "4958686000",
            "costofGoodsAndServicesSold": "4958686000",
            "operatingIncome": "922529000",
            "sellingGeneralAndAdministrative": "1292451000",
            "researchAndDevelopment": "503222000",
            "operatingExpenses": "1799603000",
            "investmentIncomeNet": "11936000",
            "netInterestIncome": "-3930000",
            "interestIncome": "None",
            "interestExpense": "3930000",
            "nonInterestIncome": "None",
            "otherNonOperatingIncome": "3922000",
            "depreciation": "None",
            "depreciationAndAmortization": "141340000",
            "incomeBeforeTax": "864466000",
            "incomeTaxExpense": "252533000",
            "interestAndDebtExpense": "3930000",
            "netIncomeFromContinuingOperations": "682865000",
            "comprehensiveIncomeNetOfTax": "630365000",
            "ebit": "868396000",
            "ebitda": "1076212000",
            "netIncome": "611933000"
        },
        {
            "fiscalDateEnding": "2011-05-31",
            "reportedCurrency": "USD",
            "grossProfit": "2309628000",
            "totalRevenue": "7204355000",
            "costOfRevenue": "4894727000",
            "costofGoodsAndServicesSold": "4894727000",
            "operatingIncome": "949416000",
            "sellingGeneralAndAdministrative": "1359816000",
            "researchAndDevelopment": "None",
            "operatingExpenses": "1362643000",
            "investmentIncomeNet": "9861000",
            "netInterestIncome": "-2827000",
            "interestIncome": "None",
            "interestExpense": "2827000",
            "nonInterestIncome": "None",
            "otherNonOperatingIncome": "1421000",
            "depreciation": "None",
            "depreciationAndAmortization": "130773000",
            "incomeBeforeTax": "886793000",
            "incomeTaxExpense": "258780000",
            "interestAndDebtExpense": "2827000",
            "netIncomeFromContinuingOperations": "699069000",
            "comprehensiveIncomeNetOfTax": "714682000",
            "ebit": "889620000",
            "ebitda": "1090446000",
            "netIncome": "628013000"
        },
        {
            "fiscalDateEnding": "2011-02-28",
            "reportedCurrency": "USD",
            "grossProfit": "1917224000",
            "totalRevenue": "6496293000",
            "costOfRevenue": "4579069000",
            "costofGoodsAndServicesSold": "4579069000",
            "operatingIncome": "771577000",
            "sellingGeneralAndAdministrative": "1145278000",
            "researchAndDevelopment": "None",
            "operatingExpenses": "1148785000",
            "investmentIncomeNet": "9893000",
            "netInterestIncome": "-3507000",
            "interestIncome": "None",
            "interestExpense": "3507000",
            "nonInterestIncome": "None",
            "otherNonOperatingIncome": "-2948000",
            "depreciation": "None",
            "depreciationAndAmortization": "121084000",
            "incomeBeforeTax": "711414000",
            "incomeTaxExpense": "208397000",
            "interestAndDebtExpense": "3507000",
            "netIncomeFromContinuingOperations": "565750000",
            "comprehensiveIncomeNetOfTax": "592786000",
            "ebit": "714921000",
            "ebitda": "902923000",
            "netIncome": "503017000"
        },
        {
            "fiscalDateEnding": "2010-11-30",
            "reportedCurrency": "USD",
            "grossProfit": "1944480000",
            "totalRevenue": "6478193000",
            "costOfRevenue": "4533713000",
            "costofGoodsAndServicesSold": "4533713000",
            "operatingIncome": "826935000",
            "sellingGeneralAndAdministrative": "1117197000",
            "researchAndDevelopment": "None",
            "operatingExpenses": "1121933000",
            "investmentIncomeNet": "9393000",
            "netInterestIncome": "-4736000",
            "interestIncome": "None",
            "interestExpense": "4736000",
            "nonInterestIncome": "None",
            "otherNonOperatingIncome": "13087000",
            "depreciation": "None",
            "depreciationAndAmortization": "120059000",
            "incomeBeforeTax": "773786000",
            "incomeTaxExpense": "239072000",
            "interestAndDebtExpense": "4736000",
            "netIncomeFromContinuingOperations": "605556000",
            "comprehensiveIncomeNetOfTax": "591756000",
            "ebit": "778522000",
            "ebitda": "956735000",
            "netIncome": "534714000"
        },
        {
            "fiscalDateEnding": "2010-08-31",
            "reportedCurrency": "USD",
            "grossProfit": "1844812000",
            "totalRevenue": "5833073000",
            "costOfRevenue": "3988261000",
            "costofGoodsAndServicesSold": "3988261000",
            "operatingIncome": "713634000",
            "sellingGeneralAndAdministrative": "1131118000",
            "researchAndDevelopment": "383700000",
            "operatingExpenses": "1518434000",
            "investmentIncomeNet": "8556000",
            "netInterestIncome": "-3616000",
            "interestIncome": "None",
            "interestExpense": "3616000",
            "nonInterestIncome": "None",
            "otherNonOperatingIncome": "-1945000",
            "depreciation": "None",
            "depreciationAndAmortization": "124958000",
            "incomeBeforeTax": "651813000",
            "incomeTaxExpense": "206331000",
            "interestAndDebtExpense": "3616000",
            "netIncomeFromContinuingOperations": "510263000",
            "comprehensiveIncomeNetOfTax": "445482000",
            "ebit": "655429000",
            "ebitda": "847208000",
            "netIncome": "445482000"
        },
        {
            "fiscalDateEnding": "2010-05-31",
            "reportedCurrency": "USD",
            "grossProfit": "1931650000",
            "totalRevenue": "5975495000",
            "costOfRevenue": "4043845000",
            "costofGoodsAndServicesSold": "4043845000",
            "operatingIncome": "803830000",
            "sellingGeneralAndAdministrative": "1124544000",
            "researchAndDevelopment": "None",
            "operatingExpenses": "1126605000",
            "investmentIncomeNet": "7401000",
            "netInterestIncome": "-2061000",
            "interestIncome": "None",
            "interestExpense": "2061000",
            "nonInterestIncome": "None",
            "otherNonOperatingIncome": "-5887000",
            "depreciation": "None",
            "depreciationAndAmortization": "116314000",
            "incomeBeforeTax": "730358000",
            "incomeTaxExpense": "239761000",
            "interestAndDebtExpense": "2061000",
            "netIncomeFromContinuingOperations": "563519000",
            "comprehensiveIncomeNetOfTax": "410042000",
            "ebit": "732419000",
            "ebitda": "930821000",
            "netIncome": "490597000"
        },
        {
            "fiscalDateEnding": "2010-02-28",
            "reportedCurrency": "USD",
            "grossProfit": "1690331000",
            "totalRevenue": "5537823000",
            "costOfRevenue": "3847492000",
            "costofGoodsAndServicesSold": "3847492000",
            "operatingIncome": "650973000",
            "sellingGeneralAndAdministrative": "1036721000",
            "researchAndDevelopment": "None",
            "operatingExpenses": "1041240000",
            "investmentIncomeNet": "7029000",
            "netInterestIncome": "-4519000",
            "interestIncome": "None",
            "interestExpense": "4519000",
            "nonInterestIncome": "None",
            "otherNonOperatingIncome": "-13791000",
            "depreciation": "None",
            "depreciationAndAmortization": "118518000",
            "incomeBeforeTax": "577271000",
            "incomeTaxExpense": "177511000",
            "interestAndDebtExpense": "4519000",
            "netIncomeFromContinuingOperations": "461879000",
            "comprehensiveIncomeNetOfTax": "312663000",
            "ebit": "581790000",
            "ebitda": "779157000",
            "netIncome": "399760000"
        },
        {
            "fiscalDateEnding": "2009-11-30",
            "reportedCurrency": "USD",
            "grossProfit": "1783954000",
            "totalRevenue": "5747687000",
            "costOfRevenue": "3963733000",
            "costofGoodsAndServicesSold": "3963733000",
            "operatingIncome": "746408000",
            "sellingGeneralAndAdministrative": "1033981000",
            "researchAndDevelopment": "None",
            "operatingExpenses": "1038462000",
            "investmentIncomeNet": "6945000",
            "netInterestIncome": "-4481000",
            "interestIncome": "None",
            "interestExpense": "4481000",
            "nonInterestIncome": "None",
            "otherNonOperatingIncome": "5899000",
            "depreciation": "None",
            "depreciationAndAmortization": "114898000",
            "incomeBeforeTax": "675124000",
            "incomeTaxExpense": "230307000",
            "interestAndDebtExpense": "4481000",
            "netIncomeFromContinuingOperations": "524798000",
            "comprehensiveIncomeNetOfTax": "560389000",
            "ebit": "679605000",
            "ebitda": "868251000",
            "netIncome": "444817000"
        },
        {
            "fiscalDateEnding": "2009-08-31",
            "reportedCurrency": "USD",
            "grossProfit": "1660354000",
            "totalRevenue": "5505449000",
            "costOfRevenue": "3845095000",
            "costofGoodsAndServicesSold": "3845095000",
            "operatingIncome": "419586000",
            "sellingGeneralAndAdministrative": "432602000",
            "researchAndDevelopment": "434937000",
            "operatingExpenses": "984767000",
            "investmentIncomeNet": "None",
            "netInterestIncome": "None",
            "interestIncome": "None",
            "interestExpense": "4222000",
            "nonInterestIncome": "None",
            "otherNonOperatingIncome": "-1078000",
            "depreciation": "None",
            "depreciationAndAmortization": "127582000",
            "incomeBeforeTax": "371198000",
            "incomeTaxExpense": "116506000",
            "interestAndDebtExpense": "None",
            "netIncomeFromContinuingOperations": "None",
            "comprehensiveIncomeNetOfTax": "None",
            "ebit": "375420000",
            "ebitda": "811091000",
            "netIncome": "254692000"
        },
        {
            "fiscalDateEnding": "2009-05-31",
            "reportedCurrency": "USD",
            "grossProfit": "1670627000",
            "totalRevenue": "5537348000",
            "costOfRevenue": "3866721000",
            "costofGoodsAndServicesSold": "3866721000",
            "operatingIncome": "732040000",
            "sellingGeneralAndAdministrative": "410532000",
            "researchAndDevelopment": "None",
            "operatingExpenses": "935411000",
            "investmentIncomeNet": "None",
            "netInterestIncome": "None",
            "interestIncome": "None",
            "interestExpense": "3285000",
            "nonInterestIncome": "None",
            "otherNonOperatingIncome": "10524000",
            "depreciation": "None",
            "depreciationAndAmortization": "116377000",
            "incomeBeforeTax": "655211000",
            "incomeTaxExpense": "211242000",
            "interestAndDebtExpense": "None",
            "netIncomeFromContinuingOperations": "None",
            "comprehensiveIncomeNetOfTax": "None",
            "ebit": "658496000",
            "ebitda": "860242000",
            "netIncome": "443969000"
        },
        {
            "fiscalDateEnding": "2009-02-28",
            "reportedCurrency": "USD",
            "grossProfit": "1622325000",
            "totalRevenue": "5657563000",
            "costOfRevenue": "4035238000",
            "costofGoodsAndServicesSold": "4035238000",
            "operatingIncome": "677467000",
            "sellingGeneralAndAdministrative": "957867000",
            "researchAndDevelopment": "None",
            "operatingExpenses": "957867000",
            "investmentIncomeNet": "None",
            "netInterestIncome": "None",
            "interestIncome": "None",
            "interestExpense": "3214000",
            "nonInterestIncome": "None",
            "otherNonOperatingIncome": "13673000",
            "depreciation": "None",
            "depreciationAndAmortization": "135069000",
            "incomeBeforeTax": "607990000",
            "incomeTaxExpense": "196554000",
            "interestAndDebtExpense": "None",
            "netIncomeFromContinuingOperations": "None",
            "comprehensiveIncomeNetOfTax": "None",
            "ebit": "611204000",
            "ebitda": "772964000",
            "netIncome": "411436000"
        },
        {
            "fiscalDateEnding": "2008-11-30",
            "reportedCurrency": "USD",
            "grossProfit": "1887808000",
            "totalRevenue": "6470608000",
            "costOfRevenue": "4582800000",
            "costofGoodsAndServicesSold": "4582800000",
            "operatingIncome": "814772000",
            "sellingGeneralAndAdministrative": "1069931000",
            "researchAndDevelopment": "None",
            "operatingExpenses": "1069931000",
            "investmentIncomeNet": "None",
            "netInterestIncome": "None",
            "interestIncome": "None",
            "interestExpense": "3400000",
            "nonInterestIncome": "None",
            "otherNonOperatingIncome": "-26407000",
            "depreciation": "None",
            "depreciationAndAmortization": "119563000",
            "incomeBeforeTax": "695154000",
            "incomeTaxExpense": "215288000",
            "interestAndDebtExpense": "None",
            "netIncomeFromContinuingOperations": "None",
            "comprehensiveIncomeNetOfTax": "None",
            "ebit": "698554000",
            "ebitda": "965592000",
            "netIncome": "479866000"
        }
    ]
}