{
    "symbol": "MA",
    "annualReports": [
        {
            "fiscalDateEnding": "2023-12-31",
            "reportedCurrency": "USD",
            "grossProfit": "14547000000",
            "totalRevenue": "25098000000",
            "costOfRevenue": "10551000000",
            "costofGoodsAndServicesSold": "6022000000",
            "operatingIncome": "14008000000",
            "sellingGeneralAndAdministrative": "9752000000",
            "researchAndDevelopment": "None",
            "operatingExpenses": "11090000000",
            "investmentIncomeNet": "274000000",
            "netInterestIncome": "-575000000",
            "interestIncome": "None",
            "interestExpense": "575000000",
            "nonInterestIncome": "-61000000",
            "otherNonOperatingIncome": "-7000000",
            "depreciation": "None",
            "depreciationAndAmortization": "799000000",
            "incomeBeforeTax": "13627000000",
            "incomeTaxExpense": "2444000000",
            "interestAndDebtExpense": "575000000",
            "netIncomeFromContinuingOperations": "11134000000",
            "comprehensiveIncomeNetOfTax": "11337000000",
            "ebit": "14008000000",
            "ebitda": "15001000000",
            "netIncome": "11183000000"
        },
        {
            "fiscalDateEnding": "2022-12-31",
            "reportedCurrency": "USD",
            "grossProfit": "12620000000",
            "totalRevenue": "22237000000",
            "costOfRevenue": "9617000000",
            "costofGoodsAndServicesSold": "5263000000",
            "operatingIncome": "12264000000",
            "sellingGeneralAndAdministrative": "8867000000",
            "researchAndDevelopment": "None",
            "operatingExpenses": "9973000000",
            "investmentIncomeNet": "61000000",
            "netInterestIncome": "-471000000",
            "interestIncome": "555000000",
            "interestExpense": "471000000",
            "nonInterestIncome": "-145000000",
            "otherNonOperatingIncome": "23000000",
            "depreciation": "None",
            "depreciationAndAmortization": "750000000",
            "incomeBeforeTax": "11719000000",
            "incomeTaxExpense": "1802000000",
            "interestAndDebtExpense": "471000000",
            "netIncomeFromContinuingOperations": "9785000000",
            "comprehensiveIncomeNetOfTax": "9473000000",
            "ebit": "12264000000",
            "ebitda": "12940000000",
            "netIncome": "9917000000"
        },
        {
            "fiscalDateEnding": "2021-12-31",
            "reportedCurrency": "USD",
            "grossProfit": "10176000000",
            "totalRevenue": "18884000000",
            "costOfRevenue": "8708000000",
            "costofGoodsAndServicesSold": "4489000000",
            "operatingIncome": "10082000000",
            "sellingGeneralAndAdministrative": "7982000000",
            "researchAndDevelopment": "None",
            "operatingExpenses": "8802000000",
            "investmentIncomeNet": "11000000",
            "netInterestIncome": "-431000000",
            "interestIncome": "225000000",
            "interestExpense": "431000000",
            "nonInterestIncome": "30490000000",
            "otherNonOperatingIncome": "0",
            "depreciation": "None",
            "depreciationAndAmortization": "726000000",
            "incomeBeforeTax": "10298000000",
            "incomeTaxExpense": "1620000000",
            "interestAndDebtExpense": "431000000",
            "netIncomeFromContinuingOperations": "9332000000",
            "comprehensiveIncomeNetOfTax": "8549000000",
            "ebit": "10082000000",
            "ebitda": "11455000000",
            "netIncome": "8678000000"
        },
        {
            "fiscalDateEnding": "2020-12-31",
            "reportedCurrency": "USD",
            "grossProfit": "8154000000",
            "totalRevenue": "15301000000",
            "costOfRevenue": "7147000000",
            "costofGoodsAndServicesSold": "3787000000",
            "operatingIncome": "8081000000",
            "sellingGeneralAndAdministrative": "6567000000",
            "researchAndDevelopment": "None",
            "operatingExpenses": "7220000000",
            "investmentIncomeNet": "24000000",
            "netInterestIncome": "-380000000",
            "interestIncome": "326000000",
            "interestExpense": "380000000",
            "nonInterestIncome": "23646000000",
            "otherNonOperatingIncome": "5000000",
            "depreciation": "None",
            "depreciationAndAmortization": "580000000",
            "incomeBeforeTax": "7833000000",
            "incomeTaxExpense": "1349000000",
            "interestAndDebtExpense": "380000000",
            "netIncomeFromContinuingOperations": "6441000000",
            "comprehensiveIncomeNetOfTax": "6477000000",
            "ebit": "8081000000",
            "ebitda": "8793000000",
            "netIncome": "6484000000"
        },
        {
            "fiscalDateEnding": "2019-12-31",
            "reportedCurrency": "USD",
            "grossProfit": "9664000000",
            "totalRevenue": "16883000000",
            "costOfRevenue": "7219000000",
            "costofGoodsAndServicesSold": "3537000000",
            "operatingIncome": "9664000000",
            "sellingGeneralAndAdministrative": "6697000000",
            "researchAndDevelopment": "None",
            "operatingExpenses": "7219000000",
            "investmentIncomeNet": "97000000",
            "netInterestIncome": "-224000000",
            "interestIncome": "40000000",
            "interestExpense": "224000000",
            "nonInterestIncome": "25147000000",
            "otherNonOperatingIncome": "27000000",
            "depreciation": "None",
            "depreciationAndAmortization": "522000000",
            "incomeBeforeTax": "9732000000",
            "incomeTaxExpense": "1613000000",
            "interestAndDebtExpense": "224000000",
            "netIncomeFromContinuingOperations": "8285000000",
            "comprehensiveIncomeNetOfTax": "8164000000",
            "ebit": "9664000000",
            "ebitda": "10478000000",
            "netIncome": "8119000000"
        },
        {
            "fiscalDateEnding": "2018-12-31",
            "reportedCurrency": "USD",
            "grossProfit": "8410000000",
            "totalRevenue": "14950000000",
            "costOfRevenue": "6540000000",
            "costofGoodsAndServicesSold": "3214000000",
            "operatingIncome": "7282000000",
            "sellingGeneralAndAdministrative": "6081000000",
            "researchAndDevelopment": "None",
            "operatingExpenses": "7668000000",
            "investmentIncomeNet": "122000000",
            "netInterestIncome": "-186000000",
            "interestIncome": "64000000",
            "interestExpense": "186000000",
            "nonInterestIncome": "21831000000",
            "otherNonOperatingIncome": "-14000000",
            "depreciation": "None",
            "depreciationAndAmortization": "459000000",
            "incomeBeforeTax": "7198000000",
            "incomeTaxExpense": "1345000000",
            "interestAndDebtExpense": "186000000",
            "netIncomeFromContinuingOperations": "5859000000",
            "comprehensiveIncomeNetOfTax": "5632000000",
            "ebit": "7282000000",
            "ebitda": "7843000000",
            "netIncome": "5853000000"
        },
        {
            "fiscalDateEnding": "2017-12-31",
            "reportedCurrency": "USD",
            "grossProfit": "6483000000",
            "totalRevenue": "12497000000",
            "costOfRevenue": "5860000000",
            "costofGoodsAndServicesSold": "2687000000",
            "operatingIncome": "6622000000",
            "sellingGeneralAndAdministrative": "5424000000",
            "researchAndDevelopment": "None",
            "operatingExpenses": "5875000000",
            "investmentIncomeNet": "56000000",
            "netInterestIncome": "-154000000",
            "interestIncome": "98000000",
            "interestExpense": "154000000",
            "nonInterestIncome": "None",
            "otherNonOperatingIncome": "-2000000",
            "depreciation": "None",
            "depreciationAndAmortization": "436000000",
            "incomeBeforeTax": "6523000000",
            "incomeTaxExpense": "2607000000",
            "interestAndDebtExpense": "154000000",
            "netIncomeFromContinuingOperations": "3915000000",
            "comprehensiveIncomeNetOfTax": "4343000000",
            "ebit": "6622000000",
            "ebitda": "7113000000",
            "netIncome": "3916000000"
        },
        {
            "fiscalDateEnding": "2016-12-31",
            "reportedCurrency": "USD",
            "grossProfit": "5783000000",
            "totalRevenue": "10776000000",
            "costOfRevenue": "4898000000",
            "costofGoodsAndServicesSold": "2225000000",
            "operatingIncome": "5761000000",
            "sellingGeneralAndAdministrative": "4525000000",
            "researchAndDevelopment": "None",
            "operatingExpenses": "5015000000",
            "investmentIncomeNet": "43000000",
            "netInterestIncome": "-95000000",
            "interestIncome": "52000000",
            "interestExpense": "95000000",
            "nonInterestIncome": "None",
            "otherNonOperatingIncome": "-63000000",
            "depreciation": "None",
            "depreciationAndAmortization": "373000000",
            "incomeBeforeTax": "5640000000",
            "incomeTaxExpense": "1587000000",
            "interestAndDebtExpense": "95000000",
            "netIncomeFromContinuingOperations": "4059000000",
            "comprehensiveIncomeNetOfTax": "3805000000",
            "ebit": "5761000000",
            "ebitda": "6108000000",
            "netIncome": "4053000000"
        },
        {
            "fiscalDateEnding": "2015-12-31",
            "reportedCurrency": "USD",
            "grossProfit": "5078000000",
            "totalRevenue": "9606000000",
            "costOfRevenue": "4528000000",
            "costofGoodsAndServicesSold": "2105000000",
            "operatingIncome": "5078000000",
            "sellingGeneralAndAdministrative": "4162000000",
            "researchAndDevelopment": "None",
            "operatingExpenses": "4589000000",
            "investmentIncomeNet": "25000000",
            "netInterestIncome": "-61000000",
            "interestIncome": "36000000",
            "interestExpense": "61000000",
            "nonInterestIncome": "None",
            "otherNonOperatingIncome": "-84000000",
            "depreciation": "None",
            "depreciationAndAmortization": "366000000",
            "incomeBeforeTax": "4958000000",
            "incomeTaxExpense": "1150000000",
            "interestAndDebtExpense": "61000000",
            "netIncomeFromContinuingOperations": "3808000000",
            "comprehensiveIncomeNetOfTax": "3392000000",
            "ebit": "5078000000",
            "ebitda": "5385000000",
            "netIncome": "3808000000"
        },
        {
            "fiscalDateEnding": "2014-12-31",
            "reportedCurrency": "USD",
            "grossProfit": "5019000000",
            "totalRevenue": "9473000000",
            "costOfRevenue": "4454000000",
            "costofGoodsAndServicesSold": "2064000000",
            "operatingIncome": "5106000000",
            "sellingGeneralAndAdministrative": "4046000000",
            "researchAndDevelopment": "None",
            "operatingExpenses": "4335000000",
            "investmentIncomeNet": "28000000",
            "netInterestIncome": "-48000000",
            "interestIncome": "None",
            "interestExpense": "48000000",
            "nonInterestIncome": "None",
            "otherNonOperatingIncome": "-7000000",
            "depreciation": "None",
            "depreciationAndAmortization": "321000000",
            "incomeBeforeTax": "5102000000",
            "incomeTaxExpense": "1462000000",
            "interestAndDebtExpense": "48000000",
            "netIncomeFromContinuingOperations": "3617000000",
            "comprehensiveIncomeNetOfTax": "3202000000",
            "ebit": "5106000000",
            "ebitda": "5471000000",
            "netIncome": "3640000000"
        },
        {
            "fiscalDateEnding": "2013-12-31",
            "reportedCurrency": "USD",
            "grossProfit": "4598000000",
            "totalRevenue": "8346000000",
            "costOfRevenue": "3748000000",
            "costofGoodsAndServicesSold": "1739000000",
            "operatingIncome": "4503000000",
            "sellingGeneralAndAdministrative": "3490000000",
            "researchAndDevelopment": "None",
            "operatingExpenses": "3809000000",
            "investmentIncomeNet": "38000000",
            "netInterestIncome": "-14000000",
            "interestIncome": "None",
            "interestExpense": "14000000",
            "nonInterestIncome": "None",
            "otherNonOperatingIncome": "-27000000",
            "depreciation": "None",
            "depreciationAndAmortization": "258000000",
            "incomeBeforeTax": "4500000000",
            "incomeTaxExpense": "1384000000",
            "interestAndDebtExpense": "14000000",
            "netIncomeFromContinuingOperations": "3116000000",
            "comprehensiveIncomeNetOfTax": "6349000000",
            "ebit": "4514000000",
            "ebitda": "4772000000",
            "netIncome": "3116000000"
        },
        {
            "fiscalDateEnding": "2012-12-31",
            "reportedCurrency": "USD",
            "grossProfit": "3937000000",
            "totalRevenue": "7391000000",
            "costOfRevenue": "3454000000",
            "costofGoodsAndServicesSold": "1565000000",
            "operatingIncome": "3937000000",
            "sellingGeneralAndAdministrative": "3204000000",
            "researchAndDevelopment": "None",
            "operatingExpenses": "3474000000",
            "investmentIncomeNet": "37000000",
            "netInterestIncome": "-20000000",
            "interestIncome": "None",
            "interestExpense": "20000000",
            "nonInterestIncome": "None",
            "otherNonOperatingIncome": "-21000000",
            "depreciation": "None",
            "depreciationAndAmortization": "230000000",
            "incomeBeforeTax": "3933000000",
            "incomeTaxExpense": "1174000000",
            "interestAndDebtExpense": "20000000",
            "netIncomeFromContinuingOperations": "2758000000",
            "comprehensiveIncomeNetOfTax": "2822000000",
            "ebit": "3953000000",
            "ebitda": "4183000000",
            "netIncome": "2759000000"
        },
        {
            "fiscalDateEnding": "2011-12-31",
            "reportedCurrency": "USD",
            "grossProfit": "2713000000",
            "totalRevenue": "6714000000",
            "costOfRevenue": "4001000000",
            "costofGoodsAndServicesSold": "1453000000",
            "operatingIncome": "2713000000",
            "sellingGeneralAndAdministrative": "3037000000",
            "researchAndDevelopment": "None",
            "operatingExpenses": "4026000000",
            "investmentIncomeNet": "52000000",
            "netInterestIncome": "-25000000",
            "interestIncome": "None",
            "interestExpense": "25000000",
            "nonInterestIncome": "None",
            "otherNonOperatingIncome": "8000000",
            "depreciation": "None",
            "depreciationAndAmortization": "194000000",
            "incomeBeforeTax": "2748000000",
            "incomeTaxExpense": "842000000",
            "interestAndDebtExpense": "25000000",
            "netIncomeFromContinuingOperations": "1904000000",
            "comprehensiveIncomeNetOfTax": "1809000000",
            "ebit": "2773000000",
            "ebitda": "2967000000",
            "netIncome": "1906000000"
        },
        {
            "fiscalDateEnding": "2010-12-31",
            "reportedCurrency": "USD",
            "grossProfit": "2709000000",
            "totalRevenue": "5539000000",
            "costOfRevenue": "2830000000",
            "costofGoodsAndServicesSold": "1219000000",
            "operatingIncome": "2752000000",
            "sellingGeneralAndAdministrative": "2634000000",
            "researchAndDevelopment": "None",
            "operatingExpenses": "2882000000",
            "investmentIncomeNet": "57000000",
            "netInterestIncome": "-52000000",
            "interestIncome": "None",
            "interestExpense": "52000000",
            "nonInterestIncome": "None",
            "otherNonOperatingIncome": "0",
            "depreciation": "None",
            "depreciationAndAmortization": "148000000",
            "incomeBeforeTax": "2756000000",
            "incomeTaxExpense": "910000000",
            "interestAndDebtExpense": "52000000",
            "netIncomeFromContinuingOperations": "1847000000",
            "comprehensiveIncomeNetOfTax": "1747000000",
            "ebit": "2808000000",
            "ebitda": "2956000000",
            "netIncome": "1846000000"
        },
        {
            "fiscalDateEnding": "2009-12-31",
            "reportedCurrency": "USD",
            "grossProfit": "2243678000",
            "totalRevenue": "5099000000",
            "costOfRevenue": "2855006000",
            "costofGoodsAndServicesSold": "2677207000",
            "operatingIncome": "2260000000",
            "sellingGeneralAndAdministrative": "2690454000",
            "researchAndDevelopment": "None",
            "operatingExpenses": "2970115000",
            "investmentIncomeNet": "58000000",
            "netInterestIncome": "-115109000",
            "interestIncome": "-109000",
            "interestExpense": "115000000",
            "nonInterestIncome": "None",
            "otherNonOperatingIncome": "15000000",
            "depreciation": "None",
            "depreciationAndAmortization": "141000000",
            "incomeBeforeTax": "2218000000",
            "incomeTaxExpense": "755000000",
            "interestAndDebtExpense": "115109000",
            "netIncomeFromContinuingOperations": "1462624000",
            "comprehensiveIncomeNetOfTax": "1548000000",
            "ebit": "2333000000",
            "ebitda": "2474000000",
            "netIncome": "1463000000"
        }
    ],
    "quarterlyReports": [
        {
            "fiscalDateEnding": "2024-09-30",
            "reportedCurrency": "USD",
            "grossProfit": "4180000000",
            "totalRevenue": "7369000000",
            "costOfRevenue": "3189000000",
            "costofGoodsAndServicesSold": "1899000000",
            "operatingIncome": "4004000000",
            "sellingGeneralAndAdministrative": "2964000000",
            "researchAndDevelopment": "None",
            "operatingExpenses": "3365000000",
            "investmentIncomeNet": "76000000",
            "netInterestIncome": "-159000000",
            "interestIncome": "None",
            "interestExpense": "159000000",
            "nonInterestIncome": "-62000000",
            "otherNonOperatingIncome": "7000000",
            "depreciation": "None",
            "depreciationAndAmortization": "225000000",
            "incomeBeforeTax": "3862000000",
            "incomeTaxExpense": "603000000",
            "interestAndDebtExpense": "159000000",
            "netIncomeFromContinuingOperations": "3263000000",
            "comprehensiveIncomeNetOfTax": "3391000000",
            "ebit": "4004000000",
            "ebitda": "4246000000",
            "netIncome": "3259000000"
        },
        {
            "fiscalDateEnding": "2024-06-30",
            "reportedCurrency": "USD",
            "grossProfit": "4134000000",
            "totalRevenue": "6961000000",
            "costOfRevenue": "2827000000",
            "costofGoodsAndServicesSold": "225000000",
            "operatingIncome": "4036000000",
            "sellingGeneralAndAdministrative": "2602000000",
            "researchAndDevelopment": "None",
            "operatingExpenses": "2925000000",
            "investmentIncomeNet": "60000000",
            "netInterestIncome": "-153000000",
            "interestIncome": "None",
            "interestExpense": "153000000",
            "nonInterestIncome": "-13000000",
            "otherNonOperatingIncome": "9000000",
            "depreciation": "None",
            "depreciationAndAmortization": "225000000",
            "incomeBeforeTax": "3935000000",
            "incomeTaxExpense": "681000000",
            "interestAndDebtExpense": "153000000",
            "netIncomeFromContinuingOperations": "3258000000",
            "comprehensiveIncomeNetOfTax": "3251000000",
            "ebit": "4036000000",
            "ebitda": "4313000000",
            "netIncome": "3254000000"
        },
        {
            "fiscalDateEnding": "2024-03-31",
            "reportedCurrency": "USD",
            "grossProfit": "3730000000",
            "totalRevenue": "6348000000",
            "costOfRevenue": "2618000000",
            "costofGoodsAndServicesSold": "216000000",
            "operatingIncome": "3604000000",
            "sellingGeneralAndAdministrative": "2402000000",
            "researchAndDevelopment": "None",
            "operatingExpenses": "2744000000",
            "investmentIncomeNet": "95000000",
            "netInterestIncome": "-150000000",
            "interestIncome": "None",
            "interestExpense": "150000000",
            "nonInterestIncome": "6000000",
            "otherNonOperatingIncome": "3000000",
            "depreciation": "None",
            "depreciationAndAmortization": "216000000",
            "incomeBeforeTax": "3555000000",
            "incomeTaxExpense": "547000000",
            "interestAndDebtExpense": "150000000",
            "netIncomeFromContinuingOperations": "3017000000",
            "comprehensiveIncomeNetOfTax": "2905000000",
            "ebit": "3604000000",
            "ebitda": "3921000000",
            "netIncome": "3008000000"
        },
        {
            "fiscalDateEnding": "2023-12-31",
            "reportedCurrency": "USD",
            "grossProfit": "3680000000",
            "totalRevenue": "6548000000",
            "costOfRevenue": "2868000000",
            "costofGoodsAndServicesSold": "1528000000",
            "operatingIncome": "3372000000",
            "sellingGeneralAndAdministrative": "2663000000",
            "researchAndDevelopment": "None",
            "operatingExpenses": "3176000000",
            "investmentIncomeNet": "89000000",
            "netInterestIncome": "-148000000",
            "interestIncome": "None",
            "interestExpense": "148000000",
            "nonInterestIncome": "34000000",
            "otherNonOperatingIncome": "-26000000",
            "depreciation": "None",
            "depreciationAndAmortization": "205000000",
            "incomeBeforeTax": "3318000000",
            "incomeTaxExpense": "530000000",
            "interestAndDebtExpense": "148000000",
            "netIncomeFromContinuingOperations": "2825000000",
            "comprehensiveIncomeNetOfTax": "2986000000",
            "ebit": "3372000000",
            "ebitda": "3671000000",
            "netIncome": "2788000000"
        },
        {
            "fiscalDateEnding": "2023-09-30",
            "reportedCurrency": "USD",
            "grossProfit": "3844000000",
            "totalRevenue": "6533000000",
            "costOfRevenue": "2689000000",
            "costofGoodsAndServicesSold": "1573000000",
            "operatingIncome": "3844000000",
            "sellingGeneralAndAdministrative": "2478000000",
            "researchAndDevelopment": "None",
            "operatingExpenses": "2689000000",
            "investmentIncomeNet": "71000000",
            "netInterestIncome": "-151000000",
            "interestIncome": "86000000",
            "interestExpense": "151000000",
            "nonInterestIncome": "-6000000",
            "otherNonOperatingIncome": "3000000",
            "depreciation": "None",
            "depreciationAndAmortization": "211000000",
            "incomeBeforeTax": "3757000000",
            "incomeTaxExpense": "563000000",
            "interestAndDebtExpense": "151000000",
            "netIncomeFromContinuingOperations": "3198000000",
            "comprehensiveIncomeNetOfTax": "3086000000",
            "ebit": "3844000000",
            "ebitda": "4119000000",
            "netIncome": "3194000000"
        },
        {
            "fiscalDateEnding": "2023-06-30",
            "reportedCurrency": "USD",
            "grossProfit": "3676000000",
            "totalRevenue": "6269000000",
            "costOfRevenue": "2593000000",
            "costofGoodsAndServicesSold": "1495000000",
            "operatingIncome": "3656000000",
            "sellingGeneralAndAdministrative": "2401000000",
            "researchAndDevelopment": "None",
            "operatingExpenses": "2613000000",
            "investmentIncomeNet": "59000000",
            "netInterestIncome": "-144000000",
            "interestIncome": "38000000",
            "interestExpense": "144000000",
            "nonInterestIncome": "123000000",
            "otherNonOperatingIncome": "10000000",
            "depreciation": "None",
            "depreciationAndAmortization": "192000000",
            "incomeBeforeTax": "3701000000",
            "incomeTaxExpense": "859000000",
            "interestAndDebtExpense": "144000000",
            "netIncomeFromContinuingOperations": "2845000000",
            "comprehensiveIncomeNetOfTax": "2882000000",
            "ebit": "3656000000",
            "ebitda": "4037000000",
            "netIncome": "2842000000"
        },
        {
            "fiscalDateEnding": "2023-03-31",
            "reportedCurrency": "USD",
            "grossProfit": "3347000000",
            "totalRevenue": "5748000000",
            "costOfRevenue": "2401000000",
            "costofGoodsAndServicesSold": "1426000000",
            "operatingIncome": "3136000000",
            "sellingGeneralAndAdministrative": "2210000000",
            "researchAndDevelopment": "None",
            "operatingExpenses": "2612000000",
            "investmentIncomeNet": "55000000",
            "netInterestIncome": "-132000000",
            "interestIncome": "289000000",
            "interestExpense": "132000000",
            "nonInterestIncome": "-212000000",
            "otherNonOperatingIncome": "6000000",
            "depreciation": "None",
            "depreciationAndAmortization": "191000000",
            "incomeBeforeTax": "2851000000",
            "incomeTaxExpense": "492000000",
            "interestAndDebtExpense": "132000000",
            "netIncomeFromContinuingOperations": "2149000000",
            "comprehensiveIncomeNetOfTax": "2383000000",
            "ebit": "3136000000",
            "ebitda": "3174000000",
            "netIncome": "2359000000"
        },
        {
            "fiscalDateEnding": "2022-12-31",
            "reportedCurrency": "USD",
            "grossProfit": "3199000000",
            "totalRevenue": "5817000000",
            "costOfRevenue": "2618000000",
            "costofGoodsAndServicesSold": "1381000000",
            "operatingIncome": "3184000000",
            "sellingGeneralAndAdministrative": "2434000000",
            "researchAndDevelopment": "None",
            "operatingExpenses": "2633000000",
            "investmentIncomeNet": "33000000",
            "netInterestIncome": "-127000000",
            "interestIncome": "106000000",
            "interestExpense": "127000000",
            "nonInterestIncome": "-25908000000",
            "otherNonOperatingIncome": "11000000",
            "depreciation": "None",
            "depreciationAndAmortization": "184000000",
            "incomeBeforeTax": "3085000000",
            "incomeTaxExpense": "564000000",
            "interestAndDebtExpense": "127000000",
            "netIncomeFromContinuingOperations": "2513000000",
            "comprehensiveIncomeNetOfTax": "2885000000",
            "ebit": "3184000000",
            "ebitda": "3396000000",
            "netIncome": "2521000000"
        },
        {
            "fiscalDateEnding": "2022-09-30",
            "reportedCurrency": "USD",
            "grossProfit": "3320000000",
            "totalRevenue": "5756000000",
            "costOfRevenue": "2436000000",
            "costofGoodsAndServicesSold": "1382000000",
            "operatingIncome": "3112000000",
            "sellingGeneralAndAdministrative": "2251000000",
            "researchAndDevelopment": "None",
            "operatingExpenses": "2644000000",
            "investmentIncomeNet": "16000000",
            "netInterestIncome": "-120000000",
            "interestIncome": "44000000",
            "interestExpense": "120000000",
            "nonInterestIncome": "9167000000",
            "otherNonOperatingIncome": "4000000",
            "depreciation": "None",
            "depreciationAndAmortization": "185000000",
            "incomeBeforeTax": "3069000000",
            "incomeTaxExpense": "573000000",
            "interestAndDebtExpense": "120000000",
            "netIncomeFromContinuingOperations": "2499000000",
            "comprehensiveIncomeNetOfTax": "2111000000",
            "ebit": "3112000000",
            "ebitda": "3374000000",
            "netIncome": "2496000000"
        },
        {
            "fiscalDateEnding": "2022-06-30",
            "reportedCurrency": "USD",
            "grossProfit": "3151000000",
            "totalRevenue": "5497000000",
            "costOfRevenue": "2346000000",
            "costofGoodsAndServicesSold": "1319000000",
            "operatingIncome": "3018000000",
            "sellingGeneralAndAdministrative": "2157000000",
            "researchAndDevelopment": "None",
            "operatingExpenses": "2479000000",
            "investmentIncomeNet": "7000000",
            "netInterestIncome": "-114000000",
            "interestIncome": "224000000",
            "interestExpense": "114000000",
            "nonInterestIncome": "8704000000",
            "otherNonOperatingIncome": "4000000",
            "depreciation": "None",
            "depreciationAndAmortization": "189000000",
            "incomeBeforeTax": "2795000000",
            "incomeTaxExpense": "523000000",
            "interestAndDebtExpense": "114000000",
            "netIncomeFromContinuingOperations": "2275000000",
            "comprehensiveIncomeNetOfTax": "1838000000",
            "ebit": "3018000000",
            "ebitda": "3098000000",
            "netIncome": "2272000000"
        },
        {
            "fiscalDateEnding": "2022-03-31",
            "reportedCurrency": "USD",
            "grossProfit": "2950000000",
            "totalRevenue": "5167000000",
            "costOfRevenue": "2217000000",
            "costofGoodsAndServicesSold": "1181000000",
            "operatingIncome": "2950000000",
            "sellingGeneralAndAdministrative": "2025000000",
            "researchAndDevelopment": "None",
            "operatingExpenses": "2217000000",
            "investmentIncomeNet": "5000000",
            "netInterestIncome": "-110000000",
            "interestIncome": "181000000",
            "interestExpense": "110000000",
            "nonInterestIncome": "7949000000",
            "otherNonOperatingIncome": "4000000",
            "depreciation": "None",
            "depreciationAndAmortization": "192000000",
            "incomeBeforeTax": "2770000000",
            "incomeTaxExpense": "142000000",
            "interestAndDebtExpense": "110000000",
            "netIncomeFromContinuingOperations": "2555000000",
            "comprehensiveIncomeNetOfTax": "2639000000",
            "ebit": "2950000000",
            "ebitda": "3072000000",
            "netIncome": "2628000000"
        },
        {
            "fiscalDateEnding": "2021-12-31",
            "reportedCurrency": "USD",
            "grossProfit": "2827000000",
            "totalRevenue": "5216000000",
            "costOfRevenue": "2389000000",
            "costofGoodsAndServicesSold": "1089000000",
            "operatingIncome": "2827000000",
            "sellingGeneralAndAdministrative": "2200000000",
            "researchAndDevelopment": "None",
            "operatingExpenses": "2389000000",
            "investmentIncomeNet": "2000000",
            "netInterestIncome": "-108000000",
            "interestIncome": "5000000",
            "interestExpense": "108000000",
            "nonInterestIncome": "8483000000",
            "otherNonOperatingIncome": "-9000000",
            "depreciation": "None",
            "depreciationAndAmortization": "189000000",
            "incomeBeforeTax": "2824000000",
            "incomeTaxExpense": "444000000",
            "interestAndDebtExpense": "108000000",
            "netIncomeFromContinuingOperations": "2490000000",
            "comprehensiveIncomeNetOfTax": "2362000000",
            "ebit": "2827000000",
            "ebitda": "3121000000",
            "netIncome": "2380000000"
        },
        {
            "fiscalDateEnding": "2021-09-30",
            "reportedCurrency": "USD",
            "grossProfit": "2744000000",
            "totalRevenue": "4985000000",
            "costOfRevenue": "2241000000",
            "costofGoodsAndServicesSold": "1166000000",
            "operatingIncome": "2717000000",
            "sellingGeneralAndAdministrative": "2053000000",
            "researchAndDevelopment": "None",
            "operatingExpenses": "2268000000",
            "investmentIncomeNet": "5000000",
            "netInterestIncome": "-110000000",
            "interestIncome": "92000000",
            "interestExpense": "110000000",
            "nonInterestIncome": "7826000000",
            "otherNonOperatingIncome": "7000000",
            "depreciation": "None",
            "depreciationAndAmortization": "188000000",
            "incomeBeforeTax": "2805000000",
            "incomeTaxExpense": "402000000",
            "interestAndDebtExpense": "110000000",
            "netIncomeFromContinuingOperations": "2414000000",
            "comprehensiveIncomeNetOfTax": "2265000000",
            "ebit": "2717000000",
            "ebitda": "3103000000",
            "netIncome": "2403000000"
        },
        {
            "fiscalDateEnding": "2021-06-30",
            "reportedCurrency": "USD",
            "grossProfit": "2408000000",
            "totalRevenue": "4528000000",
            "costOfRevenue": "2120000000",
            "costofGoodsAndServicesSold": "1130000000",
            "operatingIncome": "2341000000",
            "sellingGeneralAndAdministrative": "1934000000",
            "researchAndDevelopment": "None",
            "operatingExpenses": "2187000000",
            "investmentIncomeNet": "3000000",
            "netInterestIncome": "-106000000",
            "interestIncome": "140000000",
            "interestExpense": "106000000",
            "nonInterestIncome": "7219000000",
            "otherNonOperatingIncome": "-3000000",
            "depreciation": "None",
            "depreciationAndAmortization": "186000000",
            "incomeBeforeTax": "2478000000",
            "incomeTaxExpense": "412000000",
            "interestAndDebtExpense": "106000000",
            "netIncomeFromContinuingOperations": "2066000000",
            "comprehensiveIncomeNetOfTax": "2151000000",
            "ebit": "2341000000",
            "ebitda": "2770000000",
            "netIncome": "2066000000"
        },
        {
            "fiscalDateEnding": "2021-03-31",
            "reportedCurrency": "USD",
            "grossProfit": "2197000000",
            "totalRevenue": "4155000000",
            "costOfRevenue": "1958000000",
            "costofGoodsAndServicesSold": "1104000000",
            "operatingIncome": "2197000000",
            "sellingGeneralAndAdministrative": "1795000000",
            "researchAndDevelopment": "None",
            "operatingExpenses": "1958000000",
            "investmentIncomeNet": "1000000",
            "netInterestIncome": "-107000000",
            "interestIncome": "12000000",
            "interestExpense": "107000000",
            "nonInterestIncome": "6522000000",
            "otherNonOperatingIncome": "5000000",
            "depreciation": "None",
            "depreciationAndAmortization": "163000000",
            "incomeBeforeTax": "2191000000",
            "incomeTaxExpense": "362000000",
            "interestAndDebtExpense": "107000000",
            "netIncomeFromContinuingOperations": "1922000000",
            "comprehensiveIncomeNetOfTax": "1771000000",
            "ebit": "2197000000",
            "ebitda": "2461000000",
            "netIncome": "1829000000"
        },
        {
            "fiscalDateEnding": "2020-12-31",
            "reportedCurrency": "USD",
            "grossProfit": "2103000000",
            "totalRevenue": "4120000000",
            "costOfRevenue": "2017000000",
            "costofGoodsAndServicesSold": "970000000",
            "operatingIncome": "2058000000",
            "sellingGeneralAndAdministrative": "1867000000",
            "researchAndDevelopment": "None",
            "operatingExpenses": "2062000000",
            "investmentIncomeNet": "-3000000",
            "netInterestIncome": "-105000000",
            "interestIncome": "112000000",
            "interestExpense": "105000000",
            "nonInterestIncome": "6646000000",
            "otherNonOperatingIncome": "-2000000",
            "depreciation": "None",
            "depreciationAndAmortization": "150000000",
            "incomeBeforeTax": "2205000000",
            "incomeTaxExpense": "383000000",
            "interestAndDebtExpense": "105000000",
            "netIncomeFromContinuingOperations": "2005000000",
            "comprehensiveIncomeNetOfTax": "2022000000",
            "ebit": "2058000000",
            "ebitda": "2460000000",
            "netIncome": "1822000000"
        },
        {
            "fiscalDateEnding": "2020-09-30",
            "reportedCurrency": "USD",
            "grossProfit": "2105000000",
            "totalRevenue": "3837000000",
            "costOfRevenue": "1732000000",
            "costofGoodsAndServicesSold": "940000000",
            "operatingIncome": "2105000000",
            "sellingGeneralAndAdministrative": "1591000000",
            "researchAndDevelopment": "None",
            "operatingExpenses": "1732000000",
            "investmentIncomeNet": "3000000",
            "netInterestIncome": "-105000000",
            "interestIncome": "193000000",
            "interestExpense": "105000000",
            "nonInterestIncome": "5935000000",
            "otherNonOperatingIncome": "3000000",
            "depreciation": "None",
            "depreciationAndAmortization": "141000000",
            "incomeBeforeTax": "1947000000",
            "incomeTaxExpense": "402000000",
            "interestAndDebtExpense": "105000000",
            "netIncomeFromContinuingOperations": "1513000000",
            "comprehensiveIncomeNetOfTax": "1711000000",
            "ebit": "2105000000",
            "ebitda": "2193000000",
            "netIncome": "1545000000"
        },
        {
            "fiscalDateEnding": "2020-06-30",
            "reportedCurrency": "USD",
            "grossProfit": "1729000000",
            "totalRevenue": "3335000000",
            "costOfRevenue": "1606000000",
            "costofGoodsAndServicesSold": "915000000",
            "operatingIncome": "1707000000",
            "sellingGeneralAndAdministrative": "1461000000",
            "researchAndDevelopment": "None",
            "operatingExpenses": "1628000000",
            "investmentIncomeNet": "8000000",
            "netInterestIncome": "-101000000",
            "interestIncome": "18000000",
            "interestExpense": "101000000",
            "nonInterestIncome": "5093000000",
            "otherNonOperatingIncome": "1000000",
            "depreciation": "None",
            "depreciationAndAmortization": "145000000",
            "incomeBeforeTax": "1693000000",
            "incomeTaxExpense": "270000000",
            "interestAndDebtExpense": "101000000",
            "netIncomeFromContinuingOperations": "1420000000",
            "comprehensiveIncomeNetOfTax": "1456000000",
            "ebit": "1707000000",
            "ebitda": "1939000000",
            "netIncome": "1423000000"
        },
        {
            "fiscalDateEnding": "2020-03-31",
            "reportedCurrency": "USD",
            "grossProfit": "2217000000",
            "totalRevenue": "4009000000",
            "costOfRevenue": "1792000000",
            "costofGoodsAndServicesSold": "962000000",
            "operatingIncome": "2211000000",
            "sellingGeneralAndAdministrative": "1648000000",
            "researchAndDevelopment": "None",
            "operatingExpenses": "1798000000",
            "investmentIncomeNet": "16000000",
            "netInterestIncome": "-69000000",
            "interestIncome": "227000000",
            "interestExpense": "69000000",
            "nonInterestIncome": "5988000000",
            "otherNonOperatingIncome": "3000000",
            "depreciation": "None",
            "depreciationAndAmortization": "144000000",
            "incomeBeforeTax": "1988000000",
            "incomeTaxExpense": "294000000",
            "interestAndDebtExpense": "69000000",
            "netIncomeFromContinuingOperations": "1519000000",
            "comprehensiveIncomeNetOfTax": "1288000000",
            "ebit": "2211000000",
            "ebitda": "2201000000",
            "netIncome": "1694000000"
        },
        {
            "fiscalDateEnding": "2019-12-31",
            "reportedCurrency": "USD",
            "grossProfit": "4414000000",
            "totalRevenue": "4414000000",
            "costOfRevenue": "2015000000",
            "costofGoodsAndServicesSold": "936000000",
            "operatingIncome": "2399000000",
            "sellingGeneralAndAdministrative": "1869000000",
            "researchAndDevelopment": "None",
            "operatingExpenses": "2015000000",
            "investmentIncomeNet": "20000000",
            "netInterestIncome": "-64000000",
            "interestIncome": "75000000",
            "interestExpense": "64000000",
            "nonInterestIncome": "6889000000",
            "otherNonOperatingIncome": "1000000",
            "depreciation": "None",
            "depreciationAndAmortization": "146000000",
            "incomeBeforeTax": "2475000000",
            "incomeTaxExpense": "375000000",
            "interestAndDebtExpense": "64000000",
            "netIncomeFromContinuingOperations": "2399000000",
            "comprehensiveIncomeNetOfTax": "2100000000",
            "ebit": "2399000000",
            "ebitda": "2685000000",
            "netIncome": "2100000000"
        },
        {
            "fiscalDateEnding": "2019-09-30",
            "reportedCurrency": "USD",
            "grossProfit": "2655000000",
            "totalRevenue": "4467000000",
            "costOfRevenue": "1812000000",
            "costofGoodsAndServicesSold": "937000000",
            "operatingIncome": "2655000000",
            "sellingGeneralAndAdministrative": "1675000000",
            "researchAndDevelopment": "None",
            "operatingExpenses": "1812000000",
            "investmentIncomeNet": "26000000",
            "netInterestIncome": "-63000000",
            "interestIncome": "137000000",
            "interestExpense": "63000000",
            "nonInterestIncome": "6557000000",
            "otherNonOperatingIncome": "16000000",
            "depreciation": "None",
            "depreciationAndAmortization": "137000000",
            "incomeBeforeTax": "2533000000",
            "incomeTaxExpense": "426000000",
            "interestAndDebtExpense": "63000000",
            "netIncomeFromContinuingOperations": "2108000000",
            "comprehensiveIncomeNetOfTax": "1979000000",
            "ebit": "2655000000",
            "ebitda": "2733000000",
            "netIncome": "2107000000"
        },
        {
            "fiscalDateEnding": "2019-06-30",
            "reportedCurrency": "USD",
            "grossProfit": "2397000000",
            "totalRevenue": "4113000000",
            "costOfRevenue": "1716000000",
            "costofGoodsAndServicesSold": "853000000",
            "operatingIncome": "2397000000",
            "sellingGeneralAndAdministrative": "1594000000",
            "researchAndDevelopment": "None",
            "operatingExpenses": "1716000000",
            "investmentIncomeNet": "24000000",
            "netInterestIncome": "-51000000",
            "interestIncome": "116000000",
            "interestExpense": "51000000",
            "nonInterestIncome": "6069000000",
            "otherNonOperatingIncome": "6000000",
            "depreciation": "None",
            "depreciationAndAmortization": "122000000",
            "incomeBeforeTax": "2524000000",
            "incomeTaxExpense": "471000000",
            "interestAndDebtExpense": "51000000",
            "netIncomeFromContinuingOperations": "2048000000",
            "comprehensiveIncomeNetOfTax": "1996000000",
            "ebit": "2397000000",
            "ebitda": "2697000000",
            "netIncome": "2053000000"
        },
        {
            "fiscalDateEnding": "2019-03-31",
            "reportedCurrency": "USD",
            "grossProfit": "2213000000",
            "totalRevenue": "3889000000",
            "costOfRevenue": "1676000000",
            "costofGoodsAndServicesSold": "811000000",
            "operatingIncome": "2213000000",
            "sellingGeneralAndAdministrative": "1559000000",
            "researchAndDevelopment": "None",
            "operatingExpenses": "1676000000",
            "investmentIncomeNet": "27000000",
            "netInterestIncome": "-46000000",
            "interestIncome": "14000000",
            "interestExpense": "46000000",
            "nonInterestIncome": "5632000000",
            "otherNonOperatingIncome": "4000000",
            "depreciation": "None",
            "depreciationAndAmortization": "117000000",
            "incomeBeforeTax": "2202000000",
            "incomeTaxExpense": "341000000",
            "interestAndDebtExpense": "46000000",
            "netIncomeFromContinuingOperations": "1862000000",
            "comprehensiveIncomeNetOfTax": "1906000000",
            "ebit": "2213000000",
            "ebitda": "2365000000",
            "netIncome": "1861000000"
        },
        {
            "fiscalDateEnding": "2018-12-31",
            "reportedCurrency": "USD",
            "grossProfit": "3807000000",
            "totalRevenue": "3807000000",
            "costOfRevenue": "1816000000",
            "costofGoodsAndServicesSold": "843000000",
            "operatingIncome": "1234000000",
            "sellingGeneralAndAdministrative": "1703000000",
            "researchAndDevelopment": "None",
            "operatingExpenses": "2573000000",
            "investmentIncomeNet": "43000000",
            "netInterestIncome": "-47000000",
            "interestIncome": "None",
            "interestExpense": "47000000",
            "nonInterestIncome": "5778000000",
            "otherNonOperatingIncome": "-15000000",
            "depreciation": "None",
            "depreciationAndAmortization": "113000000",
            "incomeBeforeTax": "1215000000",
            "incomeTaxExpense": "316000000",
            "interestAndDebtExpense": "47000000",
            "netIncomeFromContinuingOperations": "1234000000",
            "comprehensiveIncomeNetOfTax": "899000000",
            "ebit": "1234000000",
            "ebitda": "1375000000",
            "netIncome": "899000000"
        },
        {
            "fiscalDateEnding": "2018-09-30",
            "reportedCurrency": "USD",
            "grossProfit": "2316000000",
            "totalRevenue": "3898000000",
            "costOfRevenue": "1582000000",
            "costofGoodsAndServicesSold": "822000000",
            "operatingIncome": "2287000000",
            "sellingGeneralAndAdministrative": "1471000000",
            "researchAndDevelopment": "None",
            "operatingExpenses": "1611000000",
            "investmentIncomeNet": "31000000",
            "netInterestIncome": "-48000000",
            "interestIncome": "None",
            "interestExpense": "48000000",
            "nonInterestIncome": "5633000000",
            "otherNonOperatingIncome": "-6000000",
            "depreciation": "None",
            "depreciationAndAmortization": "111000000",
            "incomeBeforeTax": "2264000000",
            "incomeTaxExpense": "365000000",
            "interestAndDebtExpense": "48000000",
            "netIncomeFromContinuingOperations": "1899000000",
            "comprehensiveIncomeNetOfTax": "1861000000",
            "ebit": "2287000000",
            "ebitda": "2423000000",
            "netIncome": "1899000000"
        },
        {
            "fiscalDateEnding": "2018-06-30",
            "reportedCurrency": "USD",
            "grossProfit": "7463000000",
            "totalRevenue": "3665000000",
            "costOfRevenue": "1504000000",
            "costofGoodsAndServicesSold": "797000000",
            "operatingIncome": "1936000000",
            "sellingGeneralAndAdministrative": "1389000000",
            "researchAndDevelopment": "None",
            "operatingExpenses": "1729000000",
            "investmentIncomeNet": "31000000",
            "netInterestIncome": "-48000000",
            "interestIncome": "None",
            "interestExpense": "48000000",
            "nonInterestIncome": "5350000000",
            "otherNonOperatingIncome": "3000000",
            "depreciation": "None",
            "depreciationAndAmortization": "115000000",
            "incomeBeforeTax": "1922000000",
            "incomeTaxExpense": "353000000",
            "interestAndDebtExpense": "48000000",
            "netIncomeFromContinuingOperations": "1569000000",
            "comprehensiveIncomeNetOfTax": "1310000000",
            "ebit": "1936000000",
            "ebitda": "2085000000",
            "netIncome": "1569000000"
        },
        {
            "fiscalDateEnding": "2018-03-31",
            "reportedCurrency": "USD",
            "grossProfit": "6969000000",
            "totalRevenue": "3580000000",
            "costOfRevenue": "1638000000",
            "costofGoodsAndServicesSold": "752000000",
            "operatingIncome": "1825000000",
            "sellingGeneralAndAdministrative": "1518000000",
            "researchAndDevelopment": "None",
            "operatingExpenses": "1755000000",
            "investmentIncomeNet": "17000000",
            "netInterestIncome": "-43000000",
            "interestIncome": "None",
            "interestExpense": "43000000",
            "nonInterestIncome": "5070000000",
            "otherNonOperatingIncome": "4000000",
            "depreciation": "None",
            "depreciationAndAmortization": "120000000",
            "incomeBeforeTax": "1802000000",
            "incomeTaxExpense": "311000000",
            "interestAndDebtExpense": "43000000",
            "netIncomeFromContinuingOperations": "1492000000",
            "comprehensiveIncomeNetOfTax": "1615000000",
            "ebit": "1825000000",
            "ebitda": "1965000000",
            "netIncome": "1491000000"
        },
        {
            "fiscalDateEnding": "2017-12-31",
            "reportedCurrency": "USD",
            "grossProfit": "3312000000",
            "totalRevenue": "3312000000",
            "costOfRevenue": "1790000000",
            "costofGoodsAndServicesSold": "726000000",
            "operatingIncome": "1522000000",
            "sellingGeneralAndAdministrative": "1675000000",
            "researchAndDevelopment": "None",
            "operatingExpenses": "1790000000",
            "investmentIncomeNet": "12000000",
            "netInterestIncome": "-41000000",
            "interestIncome": "None",
            "interestExpense": "41000000",
            "nonInterestIncome": "None",
            "otherNonOperatingIncome": "-9000000",
            "depreciation": "None",
            "depreciationAndAmortization": "115000000",
            "incomeBeforeTax": "1484000000",
            "incomeTaxExpense": "1257000000",
            "interestAndDebtExpense": "41000000",
            "netIncomeFromContinuingOperations": "1522000000",
            "comprehensiveIncomeNetOfTax": "227000000",
            "ebit": "1522000000",
            "ebitda": "1640000000",
            "netIncome": "227000000"
        },
        {
            "fiscalDateEnding": "2017-09-30",
            "reportedCurrency": "USD",
            "grossProfit": "1906000000",
            "totalRevenue": "3398000000",
            "costOfRevenue": "1457000000",
            "costofGoodsAndServicesSold": "723000000",
            "operatingIncome": "1941000000",
            "sellingGeneralAndAdministrative": "1339000000",
            "researchAndDevelopment": "None",
            "operatingExpenses": "1457000000",
            "investmentIncomeNet": "15000000",
            "netInterestIncome": "-35000000",
            "interestIncome": "None",
            "interestExpense": "35000000",
            "nonInterestIncome": "None",
            "otherNonOperatingIncome": "11000000",
            "depreciation": "None",
            "depreciationAndAmortization": "118000000",
            "incomeBeforeTax": "1932000000",
            "incomeTaxExpense": "502000000",
            "interestAndDebtExpense": "35000000",
            "netIncomeFromContinuingOperations": "1430000000",
            "comprehensiveIncomeNetOfTax": "1587000000",
            "ebit": "1941000000",
            "ebitda": "2085000000",
            "netIncome": "1430000000"
        },
        {
            "fiscalDateEnding": "2017-06-30",
            "reportedCurrency": "USD",
            "grossProfit": "1614000000",
            "totalRevenue": "3053000000",
            "costOfRevenue": "1400000000",
            "costofGoodsAndServicesSold": "644000000",
            "operatingIncome": "1653000000",
            "sellingGeneralAndAdministrative": "1289000000",
            "researchAndDevelopment": "None",
            "operatingExpenses": "1400000000",
            "investmentIncomeNet": "14000000",
            "netInterestIncome": "-39000000",
            "interestIncome": "None",
            "interestExpense": "39000000",
            "nonInterestIncome": "None",
            "otherNonOperatingIncome": "0",
            "depreciation": "None",
            "depreciationAndAmortization": "111000000",
            "incomeBeforeTax": "1628000000",
            "incomeTaxExpense": "451000000",
            "interestAndDebtExpense": "39000000",
            "netIncomeFromContinuingOperations": "1177000000",
            "comprehensiveIncomeNetOfTax": "1341000000",
            "ebit": "1653000000",
            "ebitda": "1778000000",
            "netIncome": "1177000000"
        },
        {
            "fiscalDateEnding": "2017-03-31",
            "reportedCurrency": "USD",
            "grossProfit": "1482000000",
            "totalRevenue": "2734000000",
            "costOfRevenue": "1213000000",
            "costofGoodsAndServicesSold": "594000000",
            "operatingIncome": "1506000000",
            "sellingGeneralAndAdministrative": "1121000000",
            "researchAndDevelopment": "None",
            "operatingExpenses": "1228000000",
            "investmentIncomeNet": "15000000",
            "netInterestIncome": "-39000000",
            "interestIncome": "None",
            "interestExpense": "39000000",
            "nonInterestIncome": "None",
            "otherNonOperatingIncome": "-4000000",
            "depreciation": "None",
            "depreciationAndAmortization": "92000000",
            "incomeBeforeTax": "1477000000",
            "incomeTaxExpense": "397000000",
            "interestAndDebtExpense": "39000000",
            "netIncomeFromContinuingOperations": "1081000000",
            "comprehensiveIncomeNetOfTax": "1141000000",
            "ebit": "1506000000",
            "ebitda": "1608000000",
            "netIncome": "1080000000"
        },
        {
            "fiscalDateEnding": "2016-12-31",
            "reportedCurrency": "USD",
            "grossProfit": "2756000000",
            "totalRevenue": "2821000000",
            "costOfRevenue": "1383000000",
            "costofGoodsAndServicesSold": "579000000",
            "operatingIncome": "1363000000",
            "sellingGeneralAndAdministrative": "1291000000",
            "researchAndDevelopment": "None",
            "operatingExpenses": "1393000000",
            "investmentIncomeNet": "11000000",
            "netInterestIncome": "-30000000",
            "interestIncome": "None",
            "interestExpense": "30000000",
            "nonInterestIncome": "None",
            "otherNonOperatingIncome": "-33000000",
            "depreciation": "None",
            "depreciationAndAmortization": "92000000",
            "incomeBeforeTax": "1311000000",
            "incomeTaxExpense": "378000000",
            "interestAndDebtExpense": "30000000",
            "netIncomeFromContinuingOperations": "1363000000",
            "comprehensiveIncomeNetOfTax": "933000000",
            "ebit": "1363000000",
            "ebitda": "1433000000",
            "netIncome": "933000000"
        },
        {
            "fiscalDateEnding": "2016-09-30",
            "reportedCurrency": "USD",
            "grossProfit": "1647000000",
            "totalRevenue": "2857000000",
            "costOfRevenue": "1210000000",
            "costofGoodsAndServicesSold": "575000000",
            "operatingIncome": "1670000000",
            "sellingGeneralAndAdministrative": "1117000000",
            "researchAndDevelopment": "None",
            "operatingExpenses": "1210000000",
            "investmentIncomeNet": "12000000",
            "netInterestIncome": "-23000000",
            "interestIncome": "None",
            "interestExpense": "23000000",
            "nonInterestIncome": "None",
            "otherNonOperatingIncome": "-26000000",
            "depreciation": "None",
            "depreciationAndAmortization": "93000000",
            "incomeBeforeTax": "1633000000",
            "incomeTaxExpense": "449000000",
            "interestAndDebtExpense": "23000000",
            "netIncomeFromContinuingOperations": "1184000000",
            "comprehensiveIncomeNetOfTax": "1164000000",
            "ebit": "1670000000",
            "ebitda": "1749000000",
            "netIncome": "1184000000"
        },
        {
            "fiscalDateEnding": "2016-06-30",
            "reportedCurrency": "USD",
            "grossProfit": "1465000000",
            "totalRevenue": "2672000000",
            "costOfRevenue": "1207000000",
            "costofGoodsAndServicesSold": "551000000",
            "operatingIncome": "1380000000",
            "sellingGeneralAndAdministrative": "1114000000",
            "researchAndDevelopment": "None",
            "operatingExpenses": "1314000000",
            "investmentIncomeNet": "10000000",
            "netInterestIncome": "-22000000",
            "interestIncome": "None",
            "interestExpense": "22000000",
            "nonInterestIncome": "None",
            "otherNonOperatingIncome": "-3000000",
            "depreciation": "None",
            "depreciationAndAmortization": "93000000",
            "incomeBeforeTax": "1365000000",
            "incomeTaxExpense": "382000000",
            "interestAndDebtExpense": "22000000",
            "netIncomeFromContinuingOperations": "983000000",
            "comprehensiveIncomeNetOfTax": "906000000",
            "ebit": "1380000000",
            "ebitda": "1480000000",
            "netIncome": "983000000"
        },
        {
            "fiscalDateEnding": "2016-03-31",
            "reportedCurrency": "USD",
            "grossProfit": "1328000000",
            "totalRevenue": "2426000000",
            "costOfRevenue": "1098000000",
            "costofGoodsAndServicesSold": "520000000",
            "operatingIncome": "1348000000",
            "sellingGeneralAndAdministrative": "1003000000",
            "researchAndDevelopment": "None",
            "operatingExpenses": "1098000000",
            "investmentIncomeNet": "10000000",
            "netInterestIncome": "-20000000",
            "interestIncome": "None",
            "interestExpense": "20000000",
            "nonInterestIncome": "None",
            "otherNonOperatingIncome": "-1000000",
            "depreciation": "None",
            "depreciationAndAmortization": "95000000",
            "incomeBeforeTax": "1335000000",
            "incomeTaxExpense": "378000000",
            "interestAndDebtExpense": "20000000",
            "netIncomeFromContinuingOperations": "959000000",
            "comprehensiveIncomeNetOfTax": "1013000000",
            "ebit": "1348000000",
            "ebitda": "1450000000",
            "netIncome": "957000000"
        },
        {
            "fiscalDateEnding": "2015-12-31",
            "reportedCurrency": "USD",
            "grossProfit": "2517000000",
            "totalRevenue": "2517000000",
            "costOfRevenue": "1410000000",
            "costofGoodsAndServicesSold": "565000000",
            "operatingIncome": "1107000000",
            "sellingGeneralAndAdministrative": "1317000000",
            "researchAndDevelopment": "None",
            "operatingExpenses": "1410000000",
            "investmentIncomeNet": "5000000",
            "netInterestIncome": "-12000000",
            "interestIncome": "None",
            "interestExpense": "12000000",
            "nonInterestIncome": "None",
            "otherNonOperatingIncome": "-75000000",
            "depreciation": "None",
            "depreciationAndAmortization": "93000000",
            "incomeBeforeTax": "1025000000",
            "incomeTaxExpense": "135000000",
            "interestAndDebtExpense": "12000000",
            "netIncomeFromContinuingOperations": "1107000000",
            "comprehensiveIncomeNetOfTax": "890000000",
            "ebit": "1107000000",
            "ebitda": "1130000000",
            "netIncome": "890000000"
        },
        {
            "fiscalDateEnding": "2015-09-30",
            "reportedCurrency": "USD",
            "grossProfit": "1369000000",
            "totalRevenue": "2530000000",
            "costOfRevenue": "1161000000",
            "costofGoodsAndServicesSold": "584000000",
            "operatingIncome": "1369000000",
            "sellingGeneralAndAdministrative": "1067000000",
            "researchAndDevelopment": "None",
            "operatingExpenses": "1161000000",
            "investmentIncomeNet": "5000000",
            "netInterestIncome": "-15000000",
            "interestIncome": "None",
            "interestExpense": "15000000",
            "nonInterestIncome": "None",
            "otherNonOperatingIncome": "-7000000",
            "depreciation": "None",
            "depreciationAndAmortization": "94000000",
            "incomeBeforeTax": "1352000000",
            "incomeTaxExpense": "375000000",
            "interestAndDebtExpense": "15000000",
            "netIncomeFromContinuingOperations": "977000000",
            "comprehensiveIncomeNetOfTax": "933000000",
            "ebit": "1369000000",
            "ebitda": "1461000000",
            "netIncome": "977000000"
        },
        {
            "fiscalDateEnding": "2015-06-30",
            "reportedCurrency": "USD",
            "grossProfit": "1312000000",
            "totalRevenue": "2390000000",
            "costOfRevenue": "1078000000",
            "costofGoodsAndServicesSold": "488000000",
            "operatingIncome": "1251000000",
            "sellingGeneralAndAdministrative": "986000000",
            "researchAndDevelopment": "None",
            "operatingExpenses": "1139000000",
            "investmentIncomeNet": "6000000",
            "netInterestIncome": "-17000000",
            "interestIncome": "None",
            "interestExpense": "17000000",
            "nonInterestIncome": "None",
            "otherNonOperatingIncome": "1000000",
            "depreciation": "None",
            "depreciationAndAmortization": "92000000",
            "incomeBeforeTax": "1241000000",
            "incomeTaxExpense": "320000000",
            "interestAndDebtExpense": "17000000",
            "netIncomeFromContinuingOperations": "921000000",
            "comprehensiveIncomeNetOfTax": "1068000000",
            "ebit": "1251000000",
            "ebitda": "1350000000",
            "netIncome": "921000000"
        },
        {
            "fiscalDateEnding": "2015-03-31",
            "reportedCurrency": "USD",
            "grossProfit": "1351000000",
            "totalRevenue": "2230000000",
            "costOfRevenue": "879000000",
            "costofGoodsAndServicesSold": "468000000",
            "operatingIncome": "1351000000",
            "sellingGeneralAndAdministrative": "792000000",
            "researchAndDevelopment": "None",
            "operatingExpenses": "879000000",
            "investmentIncomeNet": "9000000",
            "netInterestIncome": "-17000000",
            "interestIncome": "None",
            "interestExpense": "17000000",
            "nonInterestIncome": "None",
            "otherNonOperatingIncome": "-3000000",
            "depreciation": "None",
            "depreciationAndAmortization": "87000000",
            "incomeBeforeTax": "1339000000",
            "incomeTaxExpense": "320000000",
            "interestAndDebtExpense": "17000000",
            "netIncomeFromContinuingOperations": "1020000000",
            "comprehensiveIncomeNetOfTax": "640000000",
            "ebit": "1351000000",
            "ebitda": "1443000000",
            "netIncome": "1019000000"
        },
        {
            "fiscalDateEnding": "2014-12-31",
            "reportedCurrency": "USD",
            "grossProfit": "2416000000",
            "totalRevenue": "2416000000",
            "costOfRevenue": "87000000",
            "costofGoodsAndServicesSold": "618000000",
            "operatingIncome": "1018000000",
            "sellingGeneralAndAdministrative": "1314000000",
            "researchAndDevelopment": "None",
            "operatingExpenses": "1366000000",
            "investmentIncomeNet": "7000000",
            "netInterestIncome": "-16000000",
            "interestIncome": "None",
            "interestExpense": "16000000",
            "nonInterestIncome": "None",
            "otherNonOperatingIncome": "-2000000",
            "depreciation": "None",
            "depreciationAndAmortization": "84000000",
            "incomeBeforeTax": "1007000000",
            "incomeTaxExpense": "206000000",
            "interestAndDebtExpense": "16000000",
            "netIncomeFromContinuingOperations": "1018000000",
            "comprehensiveIncomeNetOfTax": "801000000",
            "ebit": "1018000000",
            "ebitda": "1107000000",
            "netIncome": "801000000"
        },
        {
            "fiscalDateEnding": "2014-09-30",
            "reportedCurrency": "USD",
            "grossProfit": "1420000000",
            "totalRevenue": "2490000000",
            "costOfRevenue": "1083000000",
            "costofGoodsAndServicesSold": "511000000",
            "operatingIncome": "1420000000",
            "sellingGeneralAndAdministrative": "1000000000",
            "researchAndDevelopment": "None",
            "operatingExpenses": "1083000000",
            "investmentIncomeNet": "8000000",
            "netInterestIncome": "-11000000",
            "interestIncome": "None",
            "interestExpense": "11000000",
            "nonInterestIncome": "None",
            "otherNonOperatingIncome": "1000000",
            "depreciation": "None",
            "depreciationAndAmortization": "83000000",
            "incomeBeforeTax": "1418000000",
            "incomeTaxExpense": "403000000",
            "interestAndDebtExpense": "11000000",
            "netIncomeFromContinuingOperations": "1015000000",
            "comprehensiveIncomeNetOfTax": "735000000",
            "ebit": "1420000000",
            "ebitda": "1512000000",
            "netIncome": "1015000000"
        },
        {
            "fiscalDateEnding": "2014-06-30",
            "reportedCurrency": "USD",
            "grossProfit": "1383000000",
            "totalRevenue": "2368000000",
            "costOfRevenue": "994000000",
            "costofGoodsAndServicesSold": "485000000",
            "operatingIncome": "1383000000",
            "sellingGeneralAndAdministrative": "913000000",
            "researchAndDevelopment": "None",
            "operatingExpenses": "994000000",
            "investmentIncomeNet": "6000000",
            "netInterestIncome": "-15000000",
            "interestIncome": "None",
            "interestExpense": "15000000",
            "nonInterestIncome": "None",
            "otherNonOperatingIncome": "-1000000",
            "depreciation": "None",
            "depreciationAndAmortization": "81000000",
            "incomeBeforeTax": "1373000000",
            "incomeTaxExpense": "442000000",
            "interestAndDebtExpense": "15000000",
            "netIncomeFromContinuingOperations": "931000000",
            "comprehensiveIncomeNetOfTax": "939000000",
            "ebit": "1383000000",
            "ebitda": "1469000000",
            "netIncome": "931000000"
        },
        {
            "fiscalDateEnding": "2014-03-31",
            "reportedCurrency": "USD",
            "grossProfit": "1285000000",
            "totalRevenue": "2172000000",
            "costOfRevenue": "892000000",
            "costofGoodsAndServicesSold": "450000000",
            "operatingIncome": "1285000000",
            "sellingGeneralAndAdministrative": "819000000",
            "researchAndDevelopment": "None",
            "operatingExpenses": "898000000",
            "investmentIncomeNet": "7000000",
            "netInterestIncome": "-6000000",
            "interestIncome": "None",
            "interestExpense": "6000000",
            "nonInterestIncome": "None",
            "otherNonOperatingIncome": "-5000000",
            "depreciation": "None",
            "depreciationAndAmortization": "73000000",
            "incomeBeforeTax": "1281000000",
            "incomeTaxExpense": "411000000",
            "interestAndDebtExpense": "6000000",
            "netIncomeFromContinuingOperations": "870000000",
            "comprehensiveIncomeNetOfTax": "1742000000",
            "ebit": "1287000000",
            "ebitda": "1360000000",
            "netIncome": "870000000"
        },
        {
            "fiscalDateEnding": "2013-12-31",
            "reportedCurrency": "USD",
            "grossProfit": "2126000000",
            "totalRevenue": "2126000000",
            "costOfRevenue": "1111000000",
            "costofGoodsAndServicesSold": "452000000",
            "operatingIncome": "920000000",
            "sellingGeneralAndAdministrative": "1040000000",
            "researchAndDevelopment": "None",
            "operatingExpenses": "1165000000",
            "investmentIncomeNet": "8000000",
            "netInterestIncome": "-7000000",
            "interestIncome": "None",
            "interestExpense": "7000000",
            "nonInterestIncome": "None",
            "otherNonOperatingIncome": "-10000000",
            "depreciation": "None",
            "depreciationAndAmortization": "71000000",
            "incomeBeforeTax": "911000000",
            "incomeTaxExpense": "288000000",
            "interestAndDebtExpense": "7000000",
            "netIncomeFromContinuingOperations": "920000000",
            "comprehensiveIncomeNetOfTax": "623000000",
            "ebit": "918000000",
            "ebitda": "989000000",
            "netIncome": "623000000"
        },
        {
            "fiscalDateEnding": "2013-09-30",
            "reportedCurrency": "USD",
            "grossProfit": "1248000000",
            "totalRevenue": "2218000000",
            "costOfRevenue": "970000000",
            "costofGoodsAndServicesSold": "452000000",
            "operatingIncome": "1248000000",
            "sellingGeneralAndAdministrative": "906000000",
            "researchAndDevelopment": "None",
            "operatingExpenses": "967000000",
            "investmentIncomeNet": "11000000",
            "netInterestIncome": "3000000",
            "interestIncome": "None",
            "interestExpense": "-3000000",
            "nonInterestIncome": "None",
            "otherNonOperatingIncome": "-8000000",
            "depreciation": "None",
            "depreciationAndAmortization": "64000000",
            "incomeBeforeTax": "1254000000",
            "incomeTaxExpense": "375000000",
            "interestAndDebtExpense": "-3000000",
            "netIncomeFromContinuingOperations": "879000000",
            "comprehensiveIncomeNetOfTax": "1894000000",
            "ebit": "1251000000",
            "ebitda": "1315000000",
            "netIncome": "879000000"
        },
        {
            "fiscalDateEnding": "2013-06-30",
            "reportedCurrency": "USD",
            "grossProfit": "1228000000",
            "totalRevenue": "2096000000",
            "costOfRevenue": "868000000",
            "costofGoodsAndServicesSold": "807000000",
            "operatingIncome": "1228000000",
            "sellingGeneralAndAdministrative": "807000000",
            "researchAndDevelopment": "None",
            "operatingExpenses": "873000000",
            "investmentIncomeNet": "11000000",
            "netInterestIncome": "-5000000",
            "interestIncome": "None",
            "interestExpense": "5000000",
            "nonInterestIncome": "None",
            "otherNonOperatingIncome": "-1000000",
            "depreciation": "None",
            "depreciationAndAmortization": "61000000",
            "incomeBeforeTax": "1233000000",
            "incomeTaxExpense": "385000000",
            "interestAndDebtExpense": "5000000",
            "netIncomeFromContinuingOperations": "848000000",
            "comprehensiveIncomeNetOfTax": "1732000000",
            "ebit": "1238000000",
            "ebitda": "1299000000",
            "netIncome": "848000000"
        },
        {
            "fiscalDateEnding": "2013-03-31",
            "reportedCurrency": "USD",
            "grossProfit": "1107000000",
            "totalRevenue": "1906000000",
            "costOfRevenue": "799000000",
            "costofGoodsAndServicesSold": "737000000",
            "operatingIncome": "1107000000",
            "sellingGeneralAndAdministrative": "737000000",
            "researchAndDevelopment": "None",
            "operatingExpenses": "804000000",
            "investmentIncomeNet": "8000000",
            "netInterestIncome": "-5000000",
            "interestIncome": "None",
            "interestExpense": "5000000",
            "nonInterestIncome": "None",
            "otherNonOperatingIncome": "-8000000",
            "depreciation": "None",
            "depreciationAndAmortization": "62000000",
            "incomeBeforeTax": "1102000000",
            "incomeTaxExpense": "336000000",
            "interestAndDebtExpense": "5000000",
            "netIncomeFromContinuingOperations": "766000000",
            "comprehensiveIncomeNetOfTax": "1421000000",
            "ebit": "1107000000",
            "ebitda": "1169000000",
            "netIncome": "766000000"
        },
        {
            "fiscalDateEnding": "2012-12-31",
            "reportedCurrency": "USD",
            "grossProfit": "1895000000",
            "totalRevenue": "1895000000",
            "costOfRevenue": "996000000",
            "costofGoodsAndServicesSold": "1565000000",
            "operatingIncome": "899000000",
            "sellingGeneralAndAdministrative": "934000000",
            "researchAndDevelopment": "None",
            "operatingExpenses": "1003000000",
            "investmentIncomeNet": "10000000",
            "netInterestIncome": "-7000000",
            "interestIncome": "None",
            "interestExpense": "7000000",
            "nonInterestIncome": "None",
            "otherNonOperatingIncome": "-8000000",
            "depreciation": "None",
            "depreciationAndAmortization": "62000000",
            "incomeBeforeTax": "894000000",
            "incomeTaxExpense": "289000000",
            "interestAndDebtExpense": "7000000",
            "netIncomeFromContinuingOperations": "899000000",
            "comprehensiveIncomeNetOfTax": "632000000",
            "ebit": "901000000",
            "ebitda": "963000000",
            "netIncome": "605000000"
        },
        {
            "fiscalDateEnding": "2012-09-30",
            "reportedCurrency": "USD",
            "grossProfit": "1064000000",
            "totalRevenue": "1918000000",
            "costOfRevenue": "854000000",
            "costofGoodsAndServicesSold": "402000000",
            "operatingIncome": "1064000000",
            "sellingGeneralAndAdministrative": "796000000",
            "researchAndDevelopment": "None",
            "operatingExpenses": "858000000",
            "investmentIncomeNet": "9000000",
            "netInterestIncome": "-4000000",
            "interestIncome": "None",
            "interestExpense": "4000000",
            "nonInterestIncome": "None",
            "otherNonOperatingIncome": "-3000000",
            "depreciation": "None",
            "depreciationAndAmortization": "58000000",
            "incomeBeforeTax": "1066000000",
            "incomeTaxExpense": "294000000",
            "interestAndDebtExpense": "4000000",
            "netIncomeFromContinuingOperations": "772000000",
            "comprehensiveIncomeNetOfTax": "853000000",
            "ebit": "1070000000",
            "ebitda": "1128000000",
            "netIncome": "772000000"
        },
        {
            "fiscalDateEnding": "2012-06-30",
            "reportedCurrency": "USD",
            "grossProfit": "974000000",
            "totalRevenue": "1820000000",
            "costOfRevenue": "846000000",
            "costofGoodsAndServicesSold": "770000000",
            "operatingIncome": "974000000",
            "sellingGeneralAndAdministrative": "770000000",
            "researchAndDevelopment": "None",
            "operatingExpenses": "849000000",
            "investmentIncomeNet": "9000000",
            "netInterestIncome": "-3000000",
            "interestIncome": "None",
            "interestExpense": "3000000",
            "nonInterestIncome": "None",
            "otherNonOperatingIncome": "-7000000",
            "depreciation": "None",
            "depreciationAndAmortization": "56000000",
            "incomeBeforeTax": "973000000",
            "incomeTaxExpense": "273000000",
            "interestAndDebtExpense": "3000000",
            "netIncomeFromContinuingOperations": "700000000",
            "comprehensiveIncomeNetOfTax": "575000000",
            "ebit": "976000000",
            "ebitda": "1032000000",
            "netIncome": "700000000"
        },
        {
            "fiscalDateEnding": "2012-03-31",
            "reportedCurrency": "USD",
            "grossProfit": "1000000000",
            "totalRevenue": "1758000000",
            "costOfRevenue": "758000000",
            "costofGoodsAndServicesSold": "704000000",
            "operatingIncome": "1000000000",
            "sellingGeneralAndAdministrative": "704000000",
            "researchAndDevelopment": "None",
            "operatingExpenses": "764000000",
            "investmentIncomeNet": "9000000",
            "netInterestIncome": "-6000000",
            "interestIncome": "None",
            "interestExpense": "6000000",
            "nonInterestIncome": "None",
            "otherNonOperatingIncome": "-3000000",
            "depreciation": "None",
            "depreciationAndAmortization": "54000000",
            "incomeBeforeTax": "1000000000",
            "incomeTaxExpense": "318000000",
            "interestAndDebtExpense": "6000000",
            "netIncomeFromContinuingOperations": "681000000",
            "comprehensiveIncomeNetOfTax": "762000000",
            "ebit": "1006000000",
            "ebitda": "1060000000",
            "netIncome": "682000000"
        },
        {
            "fiscalDateEnding": "2011-12-31",
            "reportedCurrency": "USD",
            "grossProfit": "1728000000",
            "totalRevenue": "1728000000",
            "costOfRevenue": "1738000000",
            "costofGoodsAndServicesSold": "916000000",
            "operatingIncome": "-10000000",
            "sellingGeneralAndAdministrative": "916000000",
            "researchAndDevelopment": "None",
            "operatingExpenses": "1745000000",
            "investmentIncomeNet": "12000000",
            "netInterestIncome": "-7000000",
            "interestIncome": "None",
            "interestExpense": "7000000",
            "nonInterestIncome": "None",
            "otherNonOperatingIncome": "-5000000",
            "depreciation": "None",
            "depreciationAndAmortization": "52000000",
            "incomeBeforeTax": "-11000000",
            "incomeTaxExpense": "-30000000",
            "interestAndDebtExpense": "7000000",
            "netIncomeFromContinuingOperations": "-10000000",
            "comprehensiveIncomeNetOfTax": "-87000000",
            "ebit": "-4000000",
            "ebitda": "48000000",
            "netIncome": "19000000"
        },
        {
            "fiscalDateEnding": "2011-09-30",
            "reportedCurrency": "USD",
            "grossProfit": "1002000000",
            "totalRevenue": "1818000000",
            "costOfRevenue": "816000000",
            "costofGoodsAndServicesSold": "764000000",
            "operatingIncome": "1002000000",
            "sellingGeneralAndAdministrative": "765000000",
            "researchAndDevelopment": "None",
            "operatingExpenses": "822000000",
            "investmentIncomeNet": "17000000",
            "netInterestIncome": "-6000000",
            "interestIncome": "None",
            "interestExpense": "6000000",
            "nonInterestIncome": "None",
            "otherNonOperatingIncome": "17000000",
            "depreciation": "None",
            "depreciationAndAmortization": "51000000",
            "incomeBeforeTax": "1031000000",
            "incomeTaxExpense": "314000000",
            "interestAndDebtExpense": "6000000",
            "netIncomeFromContinuingOperations": "716000000",
            "comprehensiveIncomeNetOfTax": "574000000",
            "ebit": "1037000000",
            "ebitda": "1088000000",
            "netIncome": "717000000"
        },
        {
            "fiscalDateEnding": "2011-06-30",
            "reportedCurrency": "USD",
            "grossProfit": "885000000",
            "totalRevenue": "1667000000",
            "costOfRevenue": "782000000",
            "costofGoodsAndServicesSold": "732000000",
            "operatingIncome": "885000000",
            "sellingGeneralAndAdministrative": "733000000",
            "researchAndDevelopment": "None",
            "operatingExpenses": "784000000",
            "investmentIncomeNet": "11000000",
            "netInterestIncome": "-2000000",
            "interestIncome": "None",
            "interestExpense": "2000000",
            "nonInterestIncome": "None",
            "otherNonOperatingIncome": "-2000000",
            "depreciation": "None",
            "depreciationAndAmortization": "49000000",
            "incomeBeforeTax": "892000000",
            "incomeTaxExpense": "284000000",
            "interestAndDebtExpense": "2000000",
            "netIncomeFromContinuingOperations": "608000000",
            "comprehensiveIncomeNetOfTax": "654000000",
            "ebit": "894000000",
            "ebitda": "943000000",
            "netIncome": "608000000"
        },
        {
            "fiscalDateEnding": "2011-03-31",
            "reportedCurrency": "USD",
            "grossProfit": "836000000",
            "totalRevenue": "1501000000",
            "costOfRevenue": "665000000",
            "costofGoodsAndServicesSold": "623000000",
            "operatingIncome": "836000000",
            "sellingGeneralAndAdministrative": "623000000",
            "researchAndDevelopment": "None",
            "operatingExpenses": "675000000",
            "investmentIncomeNet": "12000000",
            "netInterestIncome": "-10000000",
            "interestIncome": "None",
            "interestExpense": "10000000",
            "nonInterestIncome": "None",
            "otherNonOperatingIncome": "-2000000",
            "depreciation": "None",
            "depreciationAndAmortization": "42000000",
            "incomeBeforeTax": "836000000",
            "incomeTaxExpense": "274000000",
            "interestAndDebtExpense": "10000000",
            "netIncomeFromContinuingOperations": "562000000",
            "comprehensiveIncomeNetOfTax": "668000000",
            "ebit": "846000000",
            "ebitda": "888000000",
            "netIncome": "562000000"
        },
        {
            "fiscalDateEnding": "2010-12-31",
            "reportedCurrency": "USD",
            "grossProfit": "1438000000",
            "totalRevenue": "1438000000",
            "costOfRevenue": "909000000",
            "costofGoodsAndServicesSold": "816000000",
            "operatingIncome": "569000000",
            "sellingGeneralAndAdministrative": "823000000",
            "researchAndDevelopment": "None",
            "operatingExpenses": "918000000",
            "investmentIncomeNet": "23000000",
            "netInterestIncome": "-9000000",
            "interestIncome": "None",
            "interestExpense": "9000000",
            "nonInterestIncome": "None",
            "otherNonOperatingIncome": "-1000000",
            "depreciation": "None",
            "depreciationAndAmortization": "42000000",
            "incomeBeforeTax": "582000000",
            "incomeTaxExpense": "167000000",
            "interestAndDebtExpense": "9000000",
            "netIncomeFromContinuingOperations": "569000000",
            "comprehensiveIncomeNetOfTax": "369000000",
            "ebit": "591000000",
            "ebitda": "633000000",
            "netIncome": "415000000"
        },
        {
            "fiscalDateEnding": "2010-09-30",
            "reportedCurrency": "USD",
            "grossProfit": "766000000",
            "totalRevenue": "1428000000",
            "costOfRevenue": "662000000",
            "costofGoodsAndServicesSold": "625000000",
            "operatingIncome": "766000000",
            "sellingGeneralAndAdministrative": "625000000",
            "researchAndDevelopment": "None",
            "operatingExpenses": "673000000",
            "investmentIncomeNet": "11000000",
            "netInterestIncome": "-11000000",
            "interestIncome": "None",
            "interestExpense": "11000000",
            "nonInterestIncome": "None",
            "otherNonOperatingIncome": "1000000",
            "depreciation": "None",
            "depreciationAndAmortization": "36000000",
            "incomeBeforeTax": "766000000",
            "incomeTaxExpense": "248000000",
            "interestAndDebtExpense": "11000000",
            "netIncomeFromContinuingOperations": "519000000",
            "comprehensiveIncomeNetOfTax": "731000000",
            "ebit": "777000000",
            "ebitda": "813000000",
            "netIncome": "518000000"
        },
        {
            "fiscalDateEnding": "2010-06-30",
            "reportedCurrency": "USD",
            "grossProfit": "717000000",
            "totalRevenue": "1365000000",
            "costOfRevenue": "648000000",
            "costofGoodsAndServicesSold": "613000000",
            "operatingIncome": "717000000",
            "sellingGeneralAndAdministrative": "613000000",
            "researchAndDevelopment": "None",
            "operatingExpenses": "665000000",
            "investmentIncomeNet": "13000000",
            "netInterestIncome": "-17000000",
            "interestIncome": "None",
            "interestExpense": "17000000",
            "nonInterestIncome": "None",
            "otherNonOperatingIncome": "13000000",
            "depreciation": "None",
            "depreciationAndAmortization": "35000000",
            "incomeBeforeTax": "713000000",
            "incomeTaxExpense": "255000000",
            "interestAndDebtExpense": "17000000",
            "netIncomeFromContinuingOperations": "458000000",
            "comprehensiveIncomeNetOfTax": "298000000",
            "ebit": "730000000",
            "ebitda": "765000000",
            "netIncome": "458000000"
        },
        {
            "fiscalDateEnding": "2010-03-31",
            "reportedCurrency": "USD",
            "grossProfit": "700000000",
            "totalRevenue": "1308000000",
            "costOfRevenue": "608000000",
            "costofGoodsAndServicesSold": "573000000",
            "operatingIncome": "700000000",
            "sellingGeneralAndAdministrative": "573000000",
            "researchAndDevelopment": "None",
            "operatingExpenses": "623000000",
            "investmentIncomeNet": "10000000",
            "netInterestIncome": "-15000000",
            "interestIncome": "None",
            "interestExpense": "15000000",
            "nonInterestIncome": "None",
            "otherNonOperatingIncome": "10000000",
            "depreciation": "None",
            "depreciationAndAmortization": "35000000",
            "incomeBeforeTax": "695000000",
            "incomeTaxExpense": "240000000",
            "interestAndDebtExpense": "15000000",
            "netIncomeFromContinuingOperations": "455000000",
            "comprehensiveIncomeNetOfTax": "349000000",
            "ebit": "710000000",
            "ebitda": "745000000",
            "netIncome": "455000000"
        },
        {
            "fiscalDateEnding": "2009-12-31",
            "reportedCurrency": "USD",
            "grossProfit": "1299000000",
            "totalRevenue": "1299000000",
            "costOfRevenue": "830731000",
            "costofGoodsAndServicesSold": "778618000",
            "operatingIncome": "469000000",
            "sellingGeneralAndAdministrative": "791865000",
            "researchAndDevelopment": "None",
            "operatingExpenses": "854173000",
            "investmentIncomeNet": "None",
            "netInterestIncome": "-23442000",
            "interestIncome": "-442000",
            "interestExpense": "23000000",
            "nonInterestIncome": "None",
            "otherNonOperatingIncome": "-3000000",
            "depreciation": "None",
            "depreciationAndAmortization": "38000000",
            "incomeBeforeTax": "459000000",
            "incomeTaxExpense": "164000000",
            "interestAndDebtExpense": "23442000",
            "netIncomeFromContinuingOperations": "469000000",
            "comprehensiveIncomeNetOfTax": "278000000",
            "ebit": "482000000",
            "ebitda": "520000000",
            "netIncome": "295000000"
        },
        {
            "fiscalDateEnding": "2009-09-30",
            "reportedCurrency": "USD",
            "grossProfit": "673503000",
            "totalRevenue": "1364000000",
            "costOfRevenue": "690772000",
            "costofGoodsAndServicesSold": "648285000",
            "operatingIncome": "673000000",
            "sellingGeneralAndAdministrative": "648285000",
            "researchAndDevelopment": "None",
            "operatingExpenses": "714870000",
            "investmentIncomeNet": "None",
            "netInterestIncome": "-24098000",
            "interestIncome": "-98000",
            "interestExpense": "24000000",
            "nonInterestIncome": "None",
            "otherNonOperatingIncome": "13000000",
            "depreciation": "None",
            "depreciationAndAmortization": "36000000",
            "incomeBeforeTax": "673000000",
            "incomeTaxExpense": "221000000",
            "interestAndDebtExpense": "24098000",
            "netIncomeFromContinuingOperations": "452140000",
            "comprehensiveIncomeNetOfTax": "533000000",
            "ebit": "697000000",
            "ebitda": "733000000",
            "netIncome": "452000000"
        },
        {
            "fiscalDateEnding": "2009-06-30",
            "reportedCurrency": "USD",
            "grossProfit": "557186000",
            "totalRevenue": "1280000000",
            "costOfRevenue": "722703000",
            "costofGoodsAndServicesSold": "686482000",
            "operatingIncome": "557000000",
            "sellingGeneralAndAdministrative": "686482000",
            "researchAndDevelopment": "None",
            "operatingExpenses": "754474000",
            "investmentIncomeNet": "14000000",
            "netInterestIncome": "-31771000",
            "interestIncome": "229000",
            "interestExpense": "32000000",
            "nonInterestIncome": "None",
            "otherNonOperatingIncome": "-3000000",
            "depreciation": "None",
            "depreciationAndAmortization": "36000000",
            "incomeBeforeTax": "536000000",
            "incomeTaxExpense": "187000000",
            "interestAndDebtExpense": "31771000",
            "netIncomeFromContinuingOperations": "697953000",
            "comprehensiveIncomeNetOfTax": "438000000",
            "ebit": "568000000",
            "ebitda": "604000000",
            "netIncome": "349000000"
        },
        {
            "fiscalDateEnding": "2009-03-31",
            "reportedCurrency": "USD",
            "grossProfit": "1156102000",
            "totalRevenue": "1156000000",
            "costOfRevenue": "563822000",
            "costofGoodsAndServicesSold": "563822000",
            "operatingIncome": "561000000",
            "sellingGeneralAndAdministrative": "447853000",
            "researchAndDevelopment": "None",
            "operatingExpenses": "594809000",
            "investmentIncomeNet": "None",
            "netInterestIncome": "None",
            "interestIncome": "None",
            "interestExpense": "36000000",
            "nonInterestIncome": "None",
            "otherNonOperatingIncome": "8000000",
            "depreciation": "None",
            "depreciationAndAmortization": "31000000",
            "incomeBeforeTax": "550000000",
            "incomeTaxExpense": "183000000",
            "interestAndDebtExpense": "None",
            "netIncomeFromContinuingOperations": "None",
            "comprehensiveIncomeNetOfTax": "298000000",
            "ebit": "586000000",
            "ebitda": "617000000",
            "netIncome": "367000000"
        },
        {
            "fiscalDateEnding": "2008-12-31",
            "reportedCurrency": "USD",
            "grossProfit": "1224834000",
            "totalRevenue": "1225234000",
            "costOfRevenue": "726428000",
            "costofGoodsAndServicesSold": "726428000",
            "operatingIncome": "462861000",
            "sellingGeneralAndAdministrative": "478590000",
            "researchAndDevelopment": "None",
            "operatingExpenses": "-1720367000",
            "investmentIncomeNet": "None",
            "netInterestIncome": "None",
            "interestIncome": "None",
            "interestExpense": "36925000",
            "nonInterestIncome": "None",
            "otherNonOperatingIncome": "-582000",
            "depreciation": "None",
            "depreciationAndAmortization": "30044000",
            "incomeBeforeTax": "445273000",
            "incomeTaxExpense": "205916000",
            "interestAndDebtExpense": "None",
            "netIncomeFromContinuingOperations": "None",
            "comprehensiveIncomeNetOfTax": "166840000",
            "ebit": "482198000",
            "ebitda": "512242000",
            "netIncome": "239357000"
        },
        {
            "fiscalDateEnding": "2008-09-30",
            "reportedCurrency": "USD",
            "grossProfit": "1338178000",
            "totalRevenue": "1338178000",
            "costOfRevenue": "761200000",
            "costofGoodsAndServicesSold": "761200000",
            "operatingIncome": "-279264000",
            "sellingGeneralAndAdministrative": "493740000",
            "researchAndDevelopment": "None",
            "operatingExpenses": "1617442000",
            "investmentIncomeNet": "None",
            "netInterestIncome": "None",
            "interestIncome": "None",
            "interestExpense": "36319000",
            "nonInterestIncome": "None",
            "otherNonOperatingIncome": "-715000",
            "depreciation": "None",
            "depreciationAndAmortization": "28742000",
            "incomeBeforeTax": "-293672000",
            "incomeTaxExpense": "-100090000",
            "interestAndDebtExpense": "None",
            "netIncomeFromContinuingOperations": "None",
            "comprehensiveIncomeNetOfTax": "-288332000",
            "ebit": "-257353000",
            "ebitda": "-228611000",
            "netIncome": "-193582000"
        },
        {
            "fiscalDateEnding": "2008-06-30",
            "reportedCurrency": "USD",
            "grossProfit": "1246504000",
            "totalRevenue": "1246504000",
            "costOfRevenue": "802413000",
            "costofGoodsAndServicesSold": "802413000",
            "operatingIncome": "-1233204000",
            "sellingGeneralAndAdministrative": "499349000",
            "researchAndDevelopment": "None",
            "operatingExpenses": "2479708000",
            "investmentIncomeNet": "None",
            "netInterestIncome": "None",
            "interestIncome": "None",
            "interestExpense": "15438000",
            "nonInterestIncome": "None",
            "otherNonOperatingIncome": "-225000",
            "depreciation": "None",
            "depreciationAndAmortization": "27950000",
            "incomeBeforeTax": "-1223182000",
            "incomeTaxExpense": "-476529000",
            "interestAndDebtExpense": "None",
            "netIncomeFromContinuingOperations": "None",
            "comprehensiveIncomeNetOfTax": "-758621000",
            "ebit": "-1207744000",
            "ebitda": "-1179794000",
            "netIncome": "-746653000"
        }
    ]
}