{
    "symbol": "SPGI",
    "annualReports": [
        {
            "fiscalDateEnding": "2023-12-31",
            "reportedCurrency": "USD",
            "grossProfit": "7968000000",
            "totalRevenue": "12109000000",
            "costOfRevenue": "4141000000",
            "costofGoodsAndServicesSold": "4130000000",
            "operatingIncome": "4020000000",
            "sellingGeneralAndAdministrative": "3159000000",
            "researchAndDevelopment": "None",
            "operatingExpenses": "4325000000",
            "investmentIncomeNet": "None",
            "netInterestIncome": "-334000000",
            "interestIncome": "None",
            "interestExpense": "334000000",
            "nonInterestIncome": "12427000000",
            "otherNonOperatingIncome": "-15000000",
            "depreciation": "101000000",
            "depreciationAndAmortization": "1042000000",
            "incomeBeforeTax": "3404000000",
            "incomeTaxExpense": "778000000",
            "interestAndDebtExpense": "334000000",
            "netIncomeFromContinuingOperations": "2626000000",
            "comprehensiveIncomeNetOfTax": "2749000000",
            "ebit": "3738000000",
            "ebitda": "4780000000",
            "netIncome": "2626000000"
        },
        {
            "fiscalDateEnding": "2022-12-31",
            "reportedCurrency": "USD",
            "grossProfit": "9006000000",
            "totalRevenue": "12772000000",
            "costOfRevenue": "3753000000",
            "costofGoodsAndServicesSold": "3766000000",
            "operatingIncome": "4944000000",
            "sellingGeneralAndAdministrative": "3396000000",
            "researchAndDevelopment": "None",
            "operatingExpenses": "2546000000",
            "investmentIncomeNet": "None",
            "netInterestIncome": "-304000000",
            "interestIncome": "None",
            "interestExpense": "304000000",
            "nonInterestIncome": "13071000000",
            "otherNonOperatingIncome": "70000000",
            "depreciation": "108000000",
            "depreciationAndAmortization": "905000000",
            "incomeBeforeTax": "4428000000",
            "incomeTaxExpense": "1180000000",
            "interestAndDebtExpense": "312000000",
            "netIncomeFromContinuingOperations": "3248000000",
            "comprehensiveIncomeNetOfTax": "3203000000",
            "ebit": "4732000000",
            "ebitda": "5637000000",
            "netIncome": "3248000000"
        },
        {
            "fiscalDateEnding": "2021-12-31",
            "reportedCurrency": "USD",
            "grossProfit": "5996000000",
            "totalRevenue": "8191000000",
            "costOfRevenue": "2195000000",
            "costofGoodsAndServicesSold": "2195000000",
            "operatingIncome": "4221000000",
            "sellingGeneralAndAdministrative": "1714000000",
            "researchAndDevelopment": "13000000",
            "operatingExpenses": "1843000000",
            "investmentIncomeNet": "None",
            "netInterestIncome": "-119000000",
            "interestIncome": "None",
            "interestExpense": "119000000",
            "nonInterestIncome": "8308000000",
            "otherNonOperatingIncome": "62000000",
            "depreciation": "82000000",
            "depreciationAndAmortization": "96000000",
            "incomeBeforeTax": "3925000000",
            "incomeTaxExpense": "901000000",
            "interestAndDebtExpense": "119000000",
            "netIncomeFromContinuingOperations": "3024000000",
            "comprehensiveIncomeNetOfTax": "2820000000",
            "ebit": "4044000000",
            "ebitda": "4140000000",
            "netIncome": "3024000000"
        },
        {
            "fiscalDateEnding": "2020-12-31",
            "reportedCurrency": "USD",
            "grossProfit": "4952000000",
            "totalRevenue": "7044000000",
            "costOfRevenue": "2094000000",
            "costofGoodsAndServicesSold": "2092000000",
            "operatingIncome": "3617000000",
            "sellingGeneralAndAdministrative": "1541000000",
            "researchAndDevelopment": "None",
            "operatingExpenses": "1787000000",
            "investmentIncomeNet": "None",
            "netInterestIncome": "-141000000",
            "interestIncome": "None",
            "interestExpense": "141000000",
            "nonInterestIncome": "7179000000",
            "otherNonOperatingIncome": "31000000",
            "depreciation": "83000000",
            "depreciationAndAmortization": "123000000",
            "incomeBeforeTax": "3033000000",
            "incomeTaxExpense": "694000000",
            "interestAndDebtExpense": "420000000",
            "netIncomeFromContinuingOperations": "2339000000",
            "comprehensiveIncomeNetOfTax": "2326000000",
            "ebit": "3174000000",
            "ebitda": "3297000000",
            "netIncome": "2339000000"
        },
        {
            "fiscalDateEnding": "2019-12-31",
            "reportedCurrency": "USD",
            "grossProfit": "4767000000",
            "totalRevenue": "6568000000",
            "costOfRevenue": "1976000000",
            "costofGoodsAndServicesSold": "1801000000",
            "operatingIncome": "3226000000",
            "sellingGeneralAndAdministrative": "1342000000",
            "researchAndDevelopment": "None",
            "operatingExpenses": "3522000000",
            "investmentIncomeNet": "None",
            "netInterestIncome": "-198000000",
            "interestIncome": "-57000000",
            "interestExpense": "141000000",
            "nonInterestIncome": "6748000000",
            "otherNonOperatingIncome": "-98000000",
            "depreciation": "82000000",
            "depreciationAndAmortization": "122000000",
            "incomeBeforeTax": "2750000000",
            "incomeTaxExpense": "627000000",
            "interestAndDebtExpense": "198000000",
            "netIncomeFromContinuingOperations": "2123000000",
            "comprehensiveIncomeNetOfTax": "2241000000",
            "ebit": "2891000000",
            "ebitda": "3013000000",
            "netIncome": "2123000000"
        },
        {
            "fiscalDateEnding": "2018-12-31",
            "reportedCurrency": "USD",
            "grossProfit": "4440000000",
            "totalRevenue": "6141000000",
            "costOfRevenue": "1838000000",
            "costofGoodsAndServicesSold": "3468000000",
            "operatingIncome": "2790000000",
            "sellingGeneralAndAdministrative": "1424000000",
            "researchAndDevelopment": "None",
            "operatingExpenses": "3468000000",
            "investmentIncomeNet": "None",
            "netInterestIncome": "-134000000",
            "interestIncome": "139000000",
            "interestExpense": "134000000",
            "nonInterestIncome": "6275000000",
            "otherNonOperatingIncome": "25000000",
            "depreciation": "84000000",
            "depreciationAndAmortization": "122000000",
            "incomeBeforeTax": "2518000000",
            "incomeTaxExpense": "560000000",
            "interestAndDebtExpense": "134000000",
            "netIncomeFromContinuingOperations": "1958000000",
            "comprehensiveIncomeNetOfTax": "1855000000",
            "ebit": "2652000000",
            "ebitda": "2774000000",
            "netIncome": "1958000000"
        },
        {
            "fiscalDateEnding": "2017-12-31",
            "reportedCurrency": "USD",
            "grossProfit": "4369000000",
            "totalRevenue": "6063000000",
            "costOfRevenue": "1694000000",
            "costofGoodsAndServicesSold": "3453000000",
            "operatingIncome": "2583000000",
            "sellingGeneralAndAdministrative": "1606000000",
            "researchAndDevelopment": "None",
            "operatingExpenses": "3480000000",
            "investmentIncomeNet": "None",
            "netInterestIncome": "-149000000",
            "interestIncome": "149000000",
            "interestExpense": "149000000",
            "nonInterestIncome": "17000000",
            "otherNonOperatingIncome": "27000000",
            "depreciation": "82000000",
            "depreciationAndAmortization": "98000000",
            "incomeBeforeTax": "2319000000",
            "incomeTaxExpense": "823000000",
            "interestAndDebtExpense": "149000000",
            "netIncomeFromContinuingOperations": "1496000000",
            "comprehensiveIncomeNetOfTax": "1620000000",
            "ebit": "2468000000",
            "ebitda": "2566000000",
            "netIncome": "1496000000"
        },
        {
            "fiscalDateEnding": "2016-12-31",
            "reportedCurrency": "USD",
            "grossProfit": "3888000000",
            "totalRevenue": "5661000000",
            "costOfRevenue": "1773000000",
            "costofGoodsAndServicesSold": "3393000000",
            "operatingIncome": "3341000000",
            "sellingGeneralAndAdministrative": "1467000000",
            "researchAndDevelopment": "24000000",
            "operatingExpenses": "3421000000",
            "investmentIncomeNet": "None",
            "netInterestIncome": "-181000000",
            "interestIncome": "181000000",
            "interestExpense": "181000000",
            "nonInterestIncome": "1117000000",
            "otherNonOperatingIncome": "28000000",
            "depreciation": "85000000",
            "depreciationAndAmortization": "96000000",
            "incomeBeforeTax": "3066000000",
            "incomeTaxExpense": "960000000",
            "interestAndDebtExpense": "181000000",
            "netIncomeFromContinuingOperations": "2106000000",
            "comprehensiveIncomeNetOfTax": "1933000000",
            "ebit": "3247000000",
            "ebitda": "3343000000",
            "netIncome": "2106000000"
        },
        {
            "fiscalDateEnding": "2015-12-31",
            "reportedCurrency": "USD",
            "grossProfit": "3595000000",
            "totalRevenue": "5313000000",
            "costOfRevenue": "1718000000",
            "costofGoodsAndServicesSold": "3407000000",
            "operatingIncome": "1917000000",
            "sellingGeneralAndAdministrative": "1532000000",
            "researchAndDevelopment": "None",
            "operatingExpenses": "3407000000",
            "investmentIncomeNet": "None",
            "netInterestIncome": "-102000000",
            "interestIncome": "102000000",
            "interestExpense": "102000000",
            "nonInterestIncome": "18000000",
            "otherNonOperatingIncome": "None",
            "depreciation": "90000000",
            "depreciationAndAmortization": "67000000",
            "incomeBeforeTax": "1703000000",
            "incomeTaxExpense": "547000000",
            "interestAndDebtExpense": "102000000",
            "netIncomeFromContinuingOperations": "1156000000",
            "comprehensiveIncomeNetOfTax": "1070000000",
            "ebit": "1805000000",
            "ebitda": "1872000000",
            "netIncome": "1156000000"
        },
        {
            "fiscalDateEnding": "2014-12-31",
            "reportedCurrency": "USD",
            "grossProfit": "3400000000",
            "totalRevenue": "5051000000",
            "costOfRevenue": "1651000000",
            "costofGoodsAndServicesSold": "4929000000",
            "operatingIncome": "113000000",
            "sellingGeneralAndAdministrative": "3144000000",
            "researchAndDevelopment": "None",
            "operatingExpenses": "4929000000",
            "investmentIncomeNet": "None",
            "netInterestIncome": "-59000000",
            "interestIncome": "None",
            "interestExpense": "59000000",
            "nonInterestIncome": "16000000",
            "otherNonOperatingIncome": "None",
            "depreciation": "86000000",
            "depreciationAndAmortization": "48000000",
            "incomeBeforeTax": "130000000",
            "incomeTaxExpense": "245000000",
            "interestAndDebtExpense": "59000000",
            "netIncomeFromContinuingOperations": "-293000000",
            "comprehensiveIncomeNetOfTax": "-433000000",
            "ebit": "189000000",
            "ebitda": "237000000",
            "netIncome": "-115000000"
        },
        {
            "fiscalDateEnding": "2013-12-31",
            "reportedCurrency": "USD",
            "grossProfit": "3138000000",
            "totalRevenue": "4702000000",
            "costOfRevenue": "1564000000",
            "costofGoodsAndServicesSold": "3458000000",
            "operatingIncome": "1358000000",
            "sellingGeneralAndAdministrative": "1631000000",
            "researchAndDevelopment": "None",
            "operatingExpenses": "3332000000",
            "investmentIncomeNet": "None",
            "netInterestIncome": "-59000000",
            "interestIncome": "None",
            "interestExpense": "59000000",
            "nonInterestIncome": "29000000",
            "otherNonOperatingIncome": "None",
            "depreciation": "86000000",
            "depreciationAndAmortization": "51000000",
            "incomeBeforeTax": "1801000000",
            "incomeTaxExpense": "425000000",
            "interestAndDebtExpense": "59000000",
            "netIncomeFromContinuingOperations": "783000000",
            "comprehensiveIncomeNetOfTax": "1697000000",
            "ebit": "1860000000",
            "ebitda": "1911000000",
            "netIncome": "1376000000"
        },
        {
            "fiscalDateEnding": "2012-12-31",
            "reportedCurrency": "USD",
            "grossProfit": "2837000000",
            "totalRevenue": "4270000000",
            "costOfRevenue": "1433000000",
            "costofGoodsAndServicesSold": "3291000000",
            "operatingIncome": "1170000000",
            "sellingGeneralAndAdministrative": "1578000000",
            "researchAndDevelopment": "None",
            "operatingExpenses": "3152000000",
            "investmentIncomeNet": "None",
            "netInterestIncome": "-81000000",
            "interestIncome": "None",
            "interestExpense": "81000000",
            "nonInterestIncome": "4000000",
            "otherNonOperatingIncome": "None",
            "depreciation": "93000000",
            "depreciationAndAmortization": "48000000",
            "incomeBeforeTax": "825000000",
            "incomeTaxExpense": "388000000",
            "interestAndDebtExpense": "81000000",
            "netIncomeFromContinuingOperations": "651000000",
            "comprehensiveIncomeNetOfTax": "345000000",
            "ebit": "906000000",
            "ebitda": "954000000",
            "netIncome": "437000000"
        },
        {
            "fiscalDateEnding": "2011-12-31",
            "reportedCurrency": "USD",
            "grossProfit": "2567000000",
            "totalRevenue": "3954000000",
            "costOfRevenue": "1387000000",
            "costofGoodsAndServicesSold": "2400000000",
            "operatingIncome": "1077000000",
            "sellingGeneralAndAdministrative": "1377000000",
            "researchAndDevelopment": "None",
            "operatingExpenses": "2890000000",
            "investmentIncomeNet": "None",
            "netInterestIncome": "-75000000",
            "interestIncome": "2000000",
            "interestExpense": "77000000",
            "nonInterestIncome": "16000000",
            "otherNonOperatingIncome": "None",
            "depreciation": "93000000",
            "depreciationAndAmortization": "256000000",
            "incomeBeforeTax": "1285000000",
            "incomeTaxExpense": "374000000",
            "interestAndDebtExpense": "75000000",
            "netIncomeFromContinuingOperations": "607000000",
            "comprehensiveIncomeNetOfTax": "853000000",
            "ebit": "1362000000",
            "ebitda": "1618000000",
            "netIncome": "911000000"
        },
        {
            "fiscalDateEnding": "2010-12-31",
            "reportedCurrency": "USD",
            "grossProfit": "2433000000",
            "totalRevenue": "3639000000",
            "costOfRevenue": "1206000000",
            "costofGoodsAndServicesSold": "2346028000",
            "operatingIncome": "1026000000",
            "sellingGeneralAndAdministrative": "1318000000",
            "researchAndDevelopment": "None",
            "operatingExpenses": "2620000000",
            "investmentIncomeNet": "None",
            "netInterestIncome": "-81643000",
            "interestIncome": "1357000",
            "interestExpense": "83000000",
            "nonInterestIncome": "14000000",
            "otherNonOperatingIncome": "None",
            "depreciation": "75000000",
            "depreciationAndAmortization": "291907000",
            "incomeBeforeTax": "1172000000",
            "incomeTaxExpense": "344000000",
            "interestAndDebtExpense": "81643000",
            "netIncomeFromContinuingOperations": "581000000",
            "comprehensiveIncomeNetOfTax": "805000000",
            "ebit": "1255000000",
            "ebitda": "1546907000",
            "netIncome": "828000000"
        },
        {
            "fiscalDateEnding": "2009-12-31",
            "reportedCurrency": "USD",
            "grossProfit": "3531000000",
            "totalRevenue": "5870000000",
            "costOfRevenue": "2339000000",
            "costofGoodsAndServicesSold": "2386007000",
            "operatingIncome": "1259000000",
            "sellingGeneralAndAdministrative": "2113000000",
            "researchAndDevelopment": "None",
            "operatingExpenses": "4608000000",
            "investmentIncomeNet": "None",
            "netInterestIncome": "-76867000",
            "interestIncome": "133000",
            "interestExpense": "77000000",
            "nonInterestIncome": "-1000000",
            "otherNonOperatingIncome": "None",
            "depreciation": "106000000",
            "depreciationAndAmortization": "323189000",
            "incomeBeforeTax": "1160000000",
            "incomeTaxExpense": "429000000",
            "interestAndDebtExpense": "76867000",
            "netIncomeFromContinuingOperations": "734000000",
            "comprehensiveIncomeNetOfTax": "1584768000",
            "ebit": "1237000000",
            "ebitda": "1560189000",
            "netIncome": "731000000"
        }
    ],
    "quarterlyReports": [
        {
            "fiscalDateEnding": "2024-09-30",
            "reportedCurrency": "USD",
            "grossProfit": "2527000000",
            "totalRevenue": "3599000000",
            "costOfRevenue": "1072000000",
            "costofGoodsAndServicesSold": "1072000000",
            "operatingIncome": "1434000000",
            "sellingGeneralAndAdministrative": "808000000",
            "researchAndDevelopment": "None",
            "operatingExpenses": "1058000000",
            "investmentIncomeNet": "None",
            "netInterestIncome": "-72000000",
            "interestIncome": "None",
            "interestExpense": "72000000",
            "nonInterestIncome": "3596000000",
            "otherNonOperatingIncome": "-2000000",
            "depreciation": "22000000",
            "depreciationAndAmortization": "271000000",
            "incomeBeforeTax": "1284000000",
            "incomeTaxExpense": "313000000",
            "interestAndDebtExpense": "None",
            "netIncomeFromContinuingOperations": "971000000",
            "comprehensiveIncomeNetOfTax": "1096000000",
            "ebit": "1356000000",
            "ebitda": "1627000000",
            "netIncome": "971000000"
        },
        {
            "fiscalDateEnding": "2024-03-31",
            "reportedCurrency": "USD",
            "grossProfit": "2297000000",
            "totalRevenue": "3417000000",
            "costOfRevenue": "1120000000",
            "costofGoodsAndServicesSold": "1120000000",
            "operatingIncome": "1385000000",
            "sellingGeneralAndAdministrative": "705000000",
            "researchAndDevelopment": "None",
            "operatingExpenses": "984000000",
            "investmentIncomeNet": "None",
            "netInterestIncome": "-78000000",
            "interestIncome": "None",
            "interestExpense": "78000000",
            "nonInterestIncome": "3491000000",
            "otherNonOperatingIncome": "9000000",
            "depreciation": "23000000",
            "depreciationAndAmortization": "264000000",
            "incomeBeforeTax": "1239000000",
            "incomeTaxExpense": "248000000",
            "interestAndDebtExpense": "78000000",
            "netIncomeFromContinuingOperations": "991000000",
            "comprehensiveIncomeNetOfTax": "929000000",
            "ebit": "1317000000",
            "ebitda": "1581000000",
            "netIncome": "991000000"
        },
        {
            "fiscalDateEnding": "2023-12-31",
            "reportedCurrency": "USD",
            "grossProfit": "2047000000",
            "totalRevenue": "3079000000",
            "costOfRevenue": "1032000000",
            "costofGoodsAndServicesSold": "1032000000",
            "operatingIncome": "890000000",
            "sellingGeneralAndAdministrative": "942000000",
            "researchAndDevelopment": "None",
            "operatingExpenses": "1224000000",
            "investmentIncomeNet": "None",
            "netInterestIncome": "-76000000",
            "interestIncome": "None",
            "interestExpense": "76000000",
            "nonInterestIncome": "3151000000",
            "otherNonOperatingIncome": "-20000000",
            "depreciation": "30000000",
            "depreciationAndAmortization": "260000000",
            "incomeBeforeTax": "729000000",
            "incomeTaxExpense": "150000000",
            "interestAndDebtExpense": "76000000",
            "netIncomeFromContinuingOperations": "579000000",
            "comprehensiveIncomeNetOfTax": "662000000",
            "ebit": "805000000",
            "ebitda": "1065000000",
            "netIncome": "579000000"
        },
        {
            "fiscalDateEnding": "2023-09-30",
            "reportedCurrency": "USD",
            "grossProfit": "2009000000",
            "totalRevenue": "3004000000",
            "costOfRevenue": "995000000",
            "costofGoodsAndServicesSold": "2018000000",
            "operatingIncome": "1074000000",
            "sellingGeneralAndAdministrative": "741000000",
            "researchAndDevelopment": "None",
            "operatingExpenses": "1004000000",
            "investmentIncomeNet": "None",
            "netInterestIncome": "-84000000",
            "interestIncome": "None",
            "interestExpense": "84000000",
            "nonInterestIncome": "3084000000",
            "otherNonOperatingIncome": "5000000",
            "depreciation": "22000000",
            "depreciationAndAmortization": "260000000",
            "incomeBeforeTax": "923000000",
            "incomeTaxExpense": "181000000",
            "interestAndDebtExpense": "84000000",
            "netIncomeFromContinuingOperations": "742000000",
            "comprehensiveIncomeNetOfTax": "709000000",
            "ebit": "1007000000",
            "ebitda": "1267000000",
            "netIncome": "742000000"
        },
        {
            "fiscalDateEnding": "2023-06-30",
            "reportedCurrency": "USD",
            "grossProfit": "1873000000",
            "totalRevenue": "2899000000",
            "costOfRevenue": "1026000000",
            "costofGoodsAndServicesSold": "1026000000",
            "operatingIncome": "911000000",
            "sellingGeneralAndAdministrative": "771000000",
            "researchAndDevelopment": "None",
            "operatingExpenses": "1156000000",
            "investmentIncomeNet": "None",
            "netInterestIncome": "-88000000",
            "interestIncome": "None",
            "interestExpense": "88000000",
            "nonInterestIncome": "2982000000",
            "otherNonOperatingIncome": "11000000",
            "depreciation": "24000000",
            "depreciationAndAmortization": "261000000",
            "incomeBeforeTax": "770000000",
            "incomeTaxExpense": "259000000",
            "interestAndDebtExpense": "88000000",
            "netIncomeFromContinuingOperations": "511000000",
            "comprehensiveIncomeNetOfTax": "559000000",
            "ebit": "858000000",
            "ebitda": "1119000000",
            "netIncome": "511000000"
        },
        {
            "fiscalDateEnding": "2023-03-31",
            "reportedCurrency": "USD",
            "grossProfit": "2041000000",
            "totalRevenue": "3129000000",
            "costOfRevenue": "1088000000",
            "costofGoodsAndServicesSold": "1088000000",
            "operatingIncome": "1144000000",
            "sellingGeneralAndAdministrative": "705000000",
            "researchAndDevelopment": "None",
            "operatingExpenses": "931000000",
            "investmentIncomeNet": "None",
            "netInterestIncome": "-85000000",
            "interestIncome": "None",
            "interestExpense": "85000000",
            "nonInterestIncome": "3210000000",
            "otherNonOperatingIncome": "-11000000",
            "depreciation": "25000000",
            "depreciationAndAmortization": "262000000",
            "incomeBeforeTax": "983000000",
            "incomeTaxExpense": "188000000",
            "interestAndDebtExpense": "85000000",
            "netIncomeFromContinuingOperations": "795000000",
            "comprehensiveIncomeNetOfTax": "820000000",
            "ebit": "1068000000",
            "ebitda": "1330000000",
            "netIncome": "795000000"
        },
        {
            "fiscalDateEnding": "2022-12-31",
            "reportedCurrency": "USD",
            "grossProfit": "1850000000",
            "totalRevenue": "2862000000",
            "costOfRevenue": "1021000000",
            "costofGoodsAndServicesSold": "1012000000",
            "operatingIncome": "716000000",
            "sellingGeneralAndAdministrative": "932000000",
            "researchAndDevelopment": "None",
            "operatingExpenses": "1240000000",
            "investmentIncomeNet": "None",
            "netInterestIncome": "-86000000",
            "interestIncome": "None",
            "interestExpense": "86000000",
            "nonInterestIncome": "2945000000",
            "otherNonOperatingIncome": "-16000000",
            "depreciation": "15000000",
            "depreciationAndAmortization": "260000000",
            "incomeBeforeTax": "560000000",
            "incomeTaxExpense": "127000000",
            "interestAndDebtExpense": "297000000",
            "netIncomeFromContinuingOperations": "220000000",
            "comprehensiveIncomeNetOfTax": "585000000",
            "ebit": "646000000",
            "ebitda": "906000000",
            "netIncome": "433000000"
        },
        {
            "fiscalDateEnding": "2022-09-30",
            "reportedCurrency": "USD",
            "grossProfit": "1799000000",
            "totalRevenue": "2793000000",
            "costOfRevenue": "989000000",
            "costofGoodsAndServicesSold": "994000000",
            "operatingIncome": "853000000",
            "sellingGeneralAndAdministrative": "725000000",
            "researchAndDevelopment": "None",
            "operatingExpenses": "1062000000",
            "investmentIncomeNet": "30000000",
            "netInterestIncome": "-71000000",
            "interestIncome": "None",
            "interestExpense": "71000000",
            "nonInterestIncome": "2863000000",
            "otherNonOperatingIncome": "37000000",
            "depreciation": "31000000",
            "depreciationAndAmortization": "267000000",
            "incomeBeforeTax": "753000000",
            "incomeTaxExpense": "145000000",
            "interestAndDebtExpense": "-4000000",
            "netIncomeFromContinuingOperations": "678000000",
            "comprehensiveIncomeNetOfTax": "381000000",
            "ebit": "824000000",
            "ebitda": "1091000000",
            "netIncome": "608000000"
        },
        {
            "fiscalDateEnding": "2022-06-30",
            "reportedCurrency": "USD",
            "grossProfit": "2447000000",
            "totalRevenue": "3458000000",
            "costOfRevenue": "1007000000",
            "costofGoodsAndServicesSold": "1011000000",
            "operatingIncome": "1482000000",
            "sellingGeneralAndAdministrative": "768000000",
            "researchAndDevelopment": "None",
            "operatingExpenses": "495000000",
            "investmentIncomeNet": "-6000000",
            "netInterestIncome": "-90000000",
            "interestIncome": "None",
            "interestExpense": "90000000",
            "nonInterestIncome": "3547000000",
            "otherNonOperatingIncome": "1000000",
            "depreciation": "36000000",
            "depreciationAndAmortization": "267000000",
            "incomeBeforeTax": "1312000000",
            "incomeTaxExpense": "340000000",
            "interestAndDebtExpense": "2000000",
            "netIncomeFromContinuingOperations": "1051000000",
            "comprehensiveIncomeNetOfTax": "943000000",
            "ebit": "1402000000",
            "ebitda": "1669000000",
            "netIncome": "972000000"
        },
        {
            "fiscalDateEnding": "2022-03-31",
            "reportedCurrency": "USD",
            "grossProfit": "2911000000",
            "totalRevenue": "3660000000",
            "costOfRevenue": "749000000",
            "costofGoodsAndServicesSold": "749000000",
            "operatingIncome": "1892000000",
            "sellingGeneralAndAdministrative": "958000000",
            "researchAndDevelopment": "None",
            "operatingExpenses": "-282000000",
            "investmentIncomeNet": "45000000",
            "netInterestIncome": "-57000000",
            "interestIncome": "None",
            "interestExpense": "57000000",
            "nonInterestIncome": "3716000000",
            "otherNonOperatingIncome": "49000000",
            "depreciation": "26000000",
            "depreciationAndAmortization": "111000000",
            "incomeBeforeTax": "1803000000",
            "incomeTaxExpense": "568000000",
            "interestAndDebtExpense": "17000000",
            "netIncomeFromContinuingOperations": "1299000000",
            "comprehensiveIncomeNetOfTax": "1294000000",
            "ebit": "1860000000",
            "ebitda": "1971000000",
            "netIncome": "1235000000"
        },
        {
            "fiscalDateEnding": "2021-12-31",
            "reportedCurrency": "USD",
            "grossProfit": "1478000000",
            "totalRevenue": "2070000000",
            "costOfRevenue": "597000000",
            "costofGoodsAndServicesSold": "592000000",
            "operatingIncome": "904000000",
            "sellingGeneralAndAdministrative": "552000000",
            "researchAndDevelopment": "13000000",
            "operatingExpenses": "598000000",
            "investmentIncomeNet": "None",
            "netInterestIncome": "-25000000",
            "interestIncome": "None",
            "interestExpense": "25000000",
            "nonInterestIncome": "2094000000",
            "otherNonOperatingIncome": "11000000",
            "depreciation": "19000000",
            "depreciationAndAmortization": "22000000",
            "incomeBeforeTax": "829000000",
            "incomeTaxExpense": "154000000",
            "interestAndDebtExpense": "119000000",
            "netIncomeFromContinuingOperations": "497000000",
            "comprehensiveIncomeNetOfTax": "584000000",
            "ebit": "904000000",
            "ebitda": "926000000",
            "netIncome": "675000000"
        },
        {
            "fiscalDateEnding": "2021-09-30",
            "reportedCurrency": "USD",
            "grossProfit": "1516000000",
            "totalRevenue": "2059000000",
            "costOfRevenue": "543000000",
            "costofGoodsAndServicesSold": "543000000",
            "operatingIncome": "1083000000",
            "sellingGeneralAndAdministrative": "423000000",
            "researchAndDevelopment": "None",
            "operatingExpenses": "441000000",
            "investmentIncomeNet": "11000000",
            "netInterestIncome": "-31000000",
            "interestIncome": "None",
            "interestExpense": "31000000",
            "nonInterestIncome": "2090000000",
            "otherNonOperatingIncome": "22000000",
            "depreciation": "20000000",
            "depreciationAndAmortization": "21000000",
            "incomeBeforeTax": "1010000000",
            "incomeTaxExpense": "213000000",
            "interestAndDebtExpense": "0",
            "netIncomeFromContinuingOperations": "861000000",
            "comprehensiveIncomeNetOfTax": "811000000",
            "ebit": "1083000000",
            "ebitda": "1104000000",
            "netIncome": "797000000"
        },
        {
            "fiscalDateEnding": "2021-06-30",
            "reportedCurrency": "USD",
            "grossProfit": "1542000000",
            "totalRevenue": "2075000000",
            "costOfRevenue": "533000000",
            "costofGoodsAndServicesSold": "533000000",
            "operatingIncome": "1154000000",
            "sellingGeneralAndAdministrative": "374000000",
            "researchAndDevelopment": "None",
            "operatingExpenses": "399000000",
            "investmentIncomeNet": "11000000",
            "netInterestIncome": "-32000000",
            "interestIncome": "None",
            "interestExpense": "32000000",
            "nonInterestIncome": "2106000000",
            "otherNonOperatingIncome": "22000000",
            "depreciation": "23000000",
            "depreciationAndAmortization": "22000000",
            "incomeBeforeTax": "1085000000",
            "incomeTaxExpense": "287000000",
            "interestAndDebtExpense": "0",
            "netIncomeFromContinuingOperations": "857000000",
            "comprehensiveIncomeNetOfTax": "682000000",
            "ebit": "1154000000",
            "ebitda": "1176000000",
            "netIncome": "798000000"
        },
        {
            "fiscalDateEnding": "2021-03-31",
            "reportedCurrency": "USD",
            "grossProfit": "1460000000",
            "totalRevenue": "1987000000",
            "costOfRevenue": "527000000",
            "costofGoodsAndServicesSold": "527000000",
            "operatingIncome": "1081000000",
            "sellingGeneralAndAdministrative": "360000000",
            "researchAndDevelopment": "None",
            "operatingExpenses": "399000000",
            "investmentIncomeNet": "-4000000",
            "netInterestIncome": "-32000000",
            "interestIncome": "None",
            "interestExpense": "32000000",
            "nonInterestIncome": "2018000000",
            "otherNonOperatingIncome": "7000000",
            "depreciation": "19000000",
            "depreciationAndAmortization": "31000000",
            "incomeBeforeTax": "1003000000",
            "incomeTaxExpense": "248000000",
            "interestAndDebtExpense": "0",
            "netIncomeFromContinuingOperations": "808000000",
            "comprehensiveIncomeNetOfTax": "744000000",
            "ebit": "1081000000",
            "ebitda": "1112000000",
            "netIncome": "755000000"
        },
        {
            "fiscalDateEnding": "2020-12-31",
            "reportedCurrency": "USD",
            "grossProfit": "1867000000",
            "totalRevenue": "1867000000",
            "costOfRevenue": "566000000",
            "costofGoodsAndServicesSold": "559000000",
            "operatingIncome": "656000000",
            "sellingGeneralAndAdministrative": "592000000",
            "researchAndDevelopment": "8000000",
            "operatingExpenses": "749000000",
            "investmentIncomeNet": "None",
            "netInterestIncome": "-32000000",
            "interestIncome": "None",
            "interestExpense": "32000000",
            "nonInterestIncome": "1867000000",
            "otherNonOperatingIncome": "15000000",
            "depreciation": "23000000",
            "depreciationAndAmortization": "29000000",
            "incomeBeforeTax": "589000000",
            "incomeTaxExpense": "135000000",
            "interestAndDebtExpense": "141000000",
            "netIncomeFromContinuingOperations": "656000000",
            "comprehensiveIncomeNetOfTax": "494000000",
            "ebit": "656000000",
            "ebitda": "685000000",
            "netIncome": "454000000"
        },
        {
            "fiscalDateEnding": "2020-09-30",
            "reportedCurrency": "USD",
            "grossProfit": "1021000000",
            "totalRevenue": "1540000000",
            "costOfRevenue": "517000000",
            "costofGoodsAndServicesSold": "519000000",
            "operatingIncome": "944000000",
            "sellingGeneralAndAdministrative": "341000000",
            "researchAndDevelopment": "5000000",
            "operatingExpenses": "363000000",
            "investmentIncomeNet": "None",
            "netInterestIncome": "-35000000",
            "interestIncome": "None",
            "interestExpense": "35000000",
            "nonInterestIncome": "1575000000",
            "otherNonOperatingIncome": "6000000",
            "depreciation": "20000000",
            "depreciationAndAmortization": "32000000",
            "incomeBeforeTax": "593000000",
            "incomeTaxExpense": "138000000",
            "interestAndDebtExpense": "279000000",
            "netIncomeFromContinuingOperations": "498000000",
            "comprehensiveIncomeNetOfTax": "482000000",
            "ebit": "944000000",
            "ebitda": "976000000",
            "netIncome": "455000000"
        },
        {
            "fiscalDateEnding": "2020-06-30",
            "reportedCurrency": "USD",
            "grossProfit": "1412000000",
            "totalRevenue": "1905000000",
            "costOfRevenue": "493000000",
            "costofGoodsAndServicesSold": "493000000",
            "operatingIncome": "1105000000",
            "sellingGeneralAndAdministrative": "295000000",
            "researchAndDevelopment": "None",
            "operatingExpenses": "326000000",
            "investmentIncomeNet": "None",
            "netInterestIncome": "-40000000",
            "interestIncome": "None",
            "interestExpense": "40000000",
            "nonInterestIncome": "1944000000",
            "otherNonOperatingIncome": "10000000",
            "depreciation": "19000000",
            "depreciationAndAmortization": "32000000",
            "incomeBeforeTax": "1025000000",
            "incomeTaxExpense": "233000000",
            "interestAndDebtExpense": "None",
            "netIncomeFromContinuingOperations": "842000000",
            "comprehensiveIncomeNetOfTax": "748000000",
            "ebit": "1105000000",
            "ebitda": "1137000000",
            "netIncome": "792000000"
        },
        {
            "fiscalDateEnding": "2020-03-31",
            "reportedCurrency": "USD",
            "grossProfit": "1242000000",
            "totalRevenue": "1763000000",
            "costOfRevenue": "518000000",
            "costofGoodsAndServicesSold": "521000000",
            "operatingIncome": "912000000",
            "sellingGeneralAndAdministrative": "314000000",
            "researchAndDevelopment": "None",
            "operatingExpenses": "343000000",
            "investmentIncomeNet": "None",
            "netInterestIncome": "-34000000",
            "interestIncome": "44000000",
            "interestExpense": "34000000",
            "nonInterestIncome": "1793000000",
            "otherNonOperatingIncome": "-1000000",
            "depreciation": "20000000",
            "depreciationAndAmortization": "29000000",
            "incomeBeforeTax": "827000000",
            "incomeTaxExpense": "188000000",
            "interestAndDebtExpense": "None",
            "netIncomeFromContinuingOperations": "689000000",
            "comprehensiveIncomeNetOfTax": "603000000",
            "ebit": "912000000",
            "ebitda": "941000000",
            "netIncome": "639000000"
        },
        {
            "fiscalDateEnding": "2019-12-31",
            "reportedCurrency": "USD",
            "grossProfit": "1735000000",
            "totalRevenue": "1735000000",
            "costOfRevenue": "516000000",
            "costofGoodsAndServicesSold": "464000000",
            "operatingIncome": "818000000",
            "sellingGeneralAndAdministrative": "350000000",
            "researchAndDevelopment": "None",
            "operatingExpenses": "2347000000",
            "investmentIncomeNet": "None",
            "netInterestIncome": "-93000000",
            "interestIncome": "96000000",
            "interestExpense": "93000000",
            "nonInterestIncome": "1735000000",
            "otherNonOperatingIncome": "6000000",
            "depreciation": "21000000",
            "depreciationAndAmortization": "30000000",
            "incomeBeforeTax": "686000000",
            "incomeTaxExpense": "145000000",
            "interestAndDebtExpense": "198000000",
            "netIncomeFromContinuingOperations": "818000000",
            "comprehensiveIncomeNetOfTax": "601000000",
            "ebit": "818000000",
            "ebitda": "848000000",
            "netIncome": "541000000"
        },
        {
            "fiscalDateEnding": "2019-09-30",
            "reportedCurrency": "USD",
            "grossProfit": "1272000000",
            "totalRevenue": "1710000000",
            "costOfRevenue": "480000000",
            "costofGoodsAndServicesSold": "438000000",
            "operatingIncome": "891000000",
            "sellingGeneralAndAdministrative": "318000000",
            "researchAndDevelopment": "None",
            "operatingExpenses": "340000000",
            "investmentIncomeNet": "None",
            "netInterestIncome": "-32000000",
            "interestIncome": "48000000",
            "interestExpense": "32000000",
            "nonInterestIncome": "1738000000",
            "otherNonOperatingIncome": "-8000000",
            "depreciation": "20000000",
            "depreciationAndAmortization": "29000000",
            "incomeBeforeTax": "806000000",
            "incomeTaxExpense": "189000000",
            "interestAndDebtExpense": "0",
            "netIncomeFromContinuingOperations": "662000000",
            "comprehensiveIncomeNetOfTax": "583000000",
            "ebit": "891000000",
            "ebitda": "920000000",
            "netIncome": "617000000"
        },
        {
            "fiscalDateEnding": "2019-06-30",
            "reportedCurrency": "USD",
            "grossProfit": "1219000000",
            "totalRevenue": "1671000000",
            "costOfRevenue": "471000000",
            "costofGoodsAndServicesSold": "452000000",
            "operatingIncome": "813000000",
            "sellingGeneralAndAdministrative": "368000000",
            "researchAndDevelopment": "None",
            "operatingExpenses": "418000000",
            "investmentIncomeNet": "None",
            "netInterestIncome": "-37000000",
            "interestIncome": "38000000",
            "interestExpense": "37000000",
            "nonInterestIncome": "1704000000",
            "otherNonOperatingIncome": "6000000",
            "depreciation": "21000000",
            "depreciationAndAmortization": "31000000",
            "incomeBeforeTax": "735000000",
            "incomeTaxExpense": "180000000",
            "interestAndDebtExpense": "None",
            "netIncomeFromContinuingOperations": "602000000",
            "comprehensiveIncomeNetOfTax": "537000000",
            "ebit": "813000000",
            "ebitda": "844000000",
            "netIncome": "555000000"
        },
        {
            "fiscalDateEnding": "2019-03-31",
            "reportedCurrency": "USD",
            "grossProfit": "1096000000",
            "totalRevenue": "1535000000",
            "costOfRevenue": "473000000",
            "costofGoodsAndServicesSold": "866000000",
            "operatingIncome": "705000000",
            "sellingGeneralAndAdministrative": "341000000",
            "researchAndDevelopment": "None",
            "operatingExpenses": "414000000",
            "investmentIncomeNet": "None",
            "netInterestIncome": "-36000000",
            "interestIncome": "None",
            "interestExpense": "36000000",
            "nonInterestIncome": "1571000000",
            "otherNonOperatingIncome": "-103000000",
            "depreciation": "20000000",
            "depreciationAndAmortization": "32000000",
            "incomeBeforeTax": "523000000",
            "incomeTaxExpense": "113000000",
            "interestAndDebtExpense": "None",
            "netIncomeFromContinuingOperations": "453000000",
            "comprehensiveIncomeNetOfTax": "519000000",
            "ebit": "705000000",
            "ebitda": "737000000",
            "netIncome": "410000000"
        },
        {
            "fiscalDateEnding": "2018-12-31",
            "reportedCurrency": "USD",
            "grossProfit": "1536000000",
            "totalRevenue": "1536000000",
            "costOfRevenue": "551000000",
            "costofGoodsAndServicesSold": "832000000",
            "operatingIncome": "704000000",
            "sellingGeneralAndAdministrative": "227000000",
            "researchAndDevelopment": "None",
            "operatingExpenses": "2107000000",
            "investmentIncomeNet": "None",
            "netInterestIncome": "-36000000",
            "interestIncome": "None",
            "interestExpense": "36000000",
            "nonInterestIncome": "1536000000",
            "otherNonOperatingIncome": "3000000",
            "depreciation": "24000000",
            "depreciationAndAmortization": "-29000000",
            "incomeBeforeTax": "632000000",
            "incomeTaxExpense": "120000000",
            "interestAndDebtExpense": "None",
            "netIncomeFromContinuingOperations": "704000000",
            "comprehensiveIncomeNetOfTax": "472000000",
            "ebit": "704000000",
            "ebitda": "675000000",
            "netIncome": "512000000"
        },
        {
            "fiscalDateEnding": "2018-09-30",
            "reportedCurrency": "USD",
            "grossProfit": "2648000000",
            "totalRevenue": "3054000000",
            "costOfRevenue": "410000000",
            "costofGoodsAndServicesSold": "842000000",
            "operatingIncome": "704000000",
            "sellingGeneralAndAdministrative": "379000000",
            "researchAndDevelopment": "None",
            "operatingExpenses": "436000000",
            "investmentIncomeNet": "None",
            "netInterestIncome": "-38000000",
            "interestIncome": "None",
            "interestExpense": "38000000",
            "nonInterestIncome": "3092000000",
            "otherNonOperatingIncome": "6000000",
            "depreciation": "20000000",
            "depreciationAndAmortization": "53000000",
            "incomeBeforeTax": "632000000",
            "incomeTaxExpense": "137000000",
            "interestAndDebtExpense": "None",
            "netIncomeFromContinuingOperations": "535000000",
            "comprehensiveIncomeNetOfTax": "497000000",
            "ebit": "704000000",
            "ebitda": "757000000",
            "netIncome": "495000000"
        },
        {
            "fiscalDateEnding": "2018-06-30",
            "reportedCurrency": "USD",
            "grossProfit": "2746000000",
            "totalRevenue": "3192000000",
            "costOfRevenue": "441000000",
            "costofGoodsAndServicesSold": "446000000",
            "operatingIncome": "672000000",
            "sellingGeneralAndAdministrative": "444000000",
            "researchAndDevelopment": "None",
            "operatingExpenses": "491000000",
            "investmentIncomeNet": "None",
            "netInterestIncome": "-26000000",
            "interestIncome": "None",
            "interestExpense": "26000000",
            "nonInterestIncome": "3218000000",
            "otherNonOperatingIncome": "11000000",
            "depreciation": "19000000",
            "depreciationAndAmortization": "52000000",
            "incomeBeforeTax": "617000000",
            "incomeTaxExpense": "156000000",
            "interestAndDebtExpense": "None",
            "netIncomeFromContinuingOperations": "501000000",
            "comprehensiveIncomeNetOfTax": "385000000",
            "ebit": "672000000",
            "ebitda": "724000000",
            "netIncome": "461000000"
        },
        {
            "fiscalDateEnding": "2018-03-31",
            "reportedCurrency": "USD",
            "grossProfit": "1137000000",
            "totalRevenue": "1567000000",
            "costOfRevenue": "430000000",
            "costofGoodsAndServicesSold": "856000000",
            "operatingIncome": "711000000",
            "sellingGeneralAndAdministrative": "381000000",
            "researchAndDevelopment": "None",
            "operatingExpenses": "425000000",
            "investmentIncomeNet": "None",
            "netInterestIncome": "-34000000",
            "interestIncome": "None",
            "interestExpense": "34000000",
            "nonInterestIncome": "1567000000",
            "otherNonOperatingIncome": "4000000",
            "depreciation": "21000000",
            "depreciationAndAmortization": "45000000",
            "incomeBeforeTax": "638000000",
            "incomeTaxExpense": "147000000",
            "interestAndDebtExpense": "34000000",
            "netIncomeFromContinuingOperations": "534000000",
            "comprehensiveIncomeNetOfTax": "500000000",
            "ebit": "711000000",
            "ebitda": "756000000",
            "netIncome": "491000000"
        },
        {
            "fiscalDateEnding": "2017-12-31",
            "reportedCurrency": "USD",
            "grossProfit": "1157000000",
            "totalRevenue": "1589000000",
            "costOfRevenue": "432000000",
            "costofGoodsAndServicesSold": "961000000",
            "operatingIncome": "627000000",
            "sellingGeneralAndAdministrative": "483000000",
            "researchAndDevelopment": "None",
            "operatingExpenses": "2313000000",
            "investmentIncomeNet": "None",
            "netInterestIncome": "-39000000",
            "interestIncome": "None",
            "interestExpense": "39000000",
            "nonInterestIncome": "1589000000",
            "otherNonOperatingIncome": "1000000",
            "depreciation": "21000000",
            "depreciationAndAmortization": "25000000",
            "incomeBeforeTax": "553000000",
            "incomeTaxExpense": "290000000",
            "interestAndDebtExpense": "39000000",
            "netIncomeFromContinuingOperations": "1007000000",
            "comprehensiveIncomeNetOfTax": "291000000",
            "ebit": "592000000",
            "ebitda": "617000000",
            "netIncome": "263000000"
        },
        {
            "fiscalDateEnding": "2017-09-30",
            "reportedCurrency": "USD",
            "grossProfit": "1094000000",
            "totalRevenue": "1513000000",
            "costOfRevenue": "419000000",
            "costofGoodsAndServicesSold": "421000000",
            "operatingIncome": "649000000",
            "sellingGeneralAndAdministrative": "399000000",
            "researchAndDevelopment": "None",
            "operatingExpenses": "412000000",
            "investmentIncomeNet": "None",
            "netInterestIncome": "-37000000",
            "interestIncome": "-1000000",
            "interestExpense": "36000000",
            "nonInterestIncome": "0",
            "otherNonOperatingIncome": "9000000",
            "depreciation": "22000000",
            "depreciationAndAmortization": "24000000",
            "incomeBeforeTax": "583000000",
            "incomeTaxExpense": "169000000",
            "interestAndDebtExpense": "37000000",
            "netIncomeFromContinuingOperations": "452000000",
            "comprehensiveIncomeNetOfTax": "435000000",
            "ebit": "619000000",
            "ebitda": "643000000",
            "netIncome": "414000000"
        },
        {
            "fiscalDateEnding": "2017-06-30",
            "reportedCurrency": "USD",
            "grossProfit": "1077000000",
            "totalRevenue": "1509000000",
            "costOfRevenue": "432000000",
            "costofGoodsAndServicesSold": "449000000",
            "operatingIncome": "668000000",
            "sellingGeneralAndAdministrative": "364000000",
            "researchAndDevelopment": "None",
            "operatingExpenses": "363000000",
            "investmentIncomeNet": "None",
            "netInterestIncome": "-37000000",
            "interestIncome": "None",
            "interestExpense": "37000000",
            "nonInterestIncome": "3018000000",
            "otherNonOperatingIncome": "9000000",
            "depreciation": "20000000",
            "depreciationAndAmortization": "25000000",
            "incomeBeforeTax": "604000000",
            "incomeTaxExpense": "183000000",
            "interestAndDebtExpense": "37000000",
            "netIncomeFromContinuingOperations": "457000000",
            "comprehensiveIncomeNetOfTax": "457000000",
            "ebit": "641000000",
            "ebitda": "666000000",
            "netIncome": "421000000"
        },
        {
            "fiscalDateEnding": "2017-03-31",
            "reportedCurrency": "USD",
            "grossProfit": "1042000000",
            "totalRevenue": "1453000000",
            "costOfRevenue": "411000000",
            "costofGoodsAndServicesSold": "805000000",
            "operatingIncome": "639000000",
            "sellingGeneralAndAdministrative": "360000000",
            "researchAndDevelopment": "None",
            "operatingExpenses": "380000000",
            "investmentIncomeNet": "None",
            "netInterestIncome": "-37000000",
            "interestIncome": "None",
            "interestExpense": "37000000",
            "nonInterestIncome": "1453000000",
            "otherNonOperatingIncome": "9000000",
            "depreciation": "19000000",
            "depreciationAndAmortization": "24000000",
            "incomeBeforeTax": "580000000",
            "incomeTaxExpense": "181000000",
            "interestAndDebtExpense": "37000000",
            "netIncomeFromContinuingOperations": "430000000",
            "comprehensiveIncomeNetOfTax": "437000000",
            "ebit": "617000000",
            "ebitda": "641000000",
            "netIncome": "399000000"
        },
        {
            "fiscalDateEnding": "2016-12-31",
            "reportedCurrency": "USD",
            "grossProfit": "978000000",
            "totalRevenue": "1399000000",
            "costOfRevenue": "421000000",
            "costofGoodsAndServicesSold": "921000000",
            "operatingIncome": "857000000",
            "sellingGeneralAndAdministrative": "481000000",
            "researchAndDevelopment": "None",
            "operatingExpenses": "3087000000",
            "investmentIncomeNet": "None",
            "netInterestIncome": "-59000000",
            "interestIncome": "None",
            "interestExpense": "59000000",
            "nonInterestIncome": "395000000",
            "otherNonOperatingIncome": "None",
            "depreciation": "22000000",
            "depreciationAndAmortization": "25000000",
            "incomeBeforeTax": "766000000",
            "incomeTaxExpense": "229000000",
            "interestAndDebtExpense": "59000000",
            "netIncomeFromContinuingOperations": "447000000",
            "comprehensiveIncomeNetOfTax": "399000000",
            "ebit": "825000000",
            "ebitda": "850000000",
            "netIncome": "537000000"
        },
        {
            "fiscalDateEnding": "2016-09-30",
            "reportedCurrency": "USD",
            "grossProfit": "1008000000",
            "totalRevenue": "1439000000",
            "costOfRevenue": "431000000",
            "costofGoodsAndServicesSold": "438000000",
            "operatingIncome": "1348000000",
            "sellingGeneralAndAdministrative": "337000000",
            "researchAndDevelopment": "None",
            "operatingExpenses": "-369000000",
            "investmentIncomeNet": "None",
            "netInterestIncome": "-39000000",
            "interestIncome": "None",
            "interestExpense": "39000000",
            "nonInterestIncome": "722000000",
            "otherNonOperatingIncome": "None",
            "depreciation": "22000000",
            "depreciationAndAmortization": "23000000",
            "incomeBeforeTax": "1278000000",
            "incomeTaxExpense": "386000000",
            "interestAndDebtExpense": "39000000",
            "netIncomeFromContinuingOperations": "923000000",
            "comprehensiveIncomeNetOfTax": "884000000",
            "ebit": "1317000000",
            "ebitda": "1340000000",
            "netIncome": "892000000"
        },
        {
            "fiscalDateEnding": "2016-06-30",
            "reportedCurrency": "USD",
            "grossProfit": "1013000000",
            "totalRevenue": "1482000000",
            "costOfRevenue": "469000000",
            "costofGoodsAndServicesSold": "831000000",
            "operatingIncome": "651000000",
            "sellingGeneralAndAdministrative": "317000000",
            "researchAndDevelopment": "None",
            "operatingExpenses": "831000000",
            "investmentIncomeNet": "None",
            "netInterestIncome": "-42000000",
            "interestIncome": "1000000",
            "interestExpense": "43000000",
            "nonInterestIncome": "None",
            "otherNonOperatingIncome": "None",
            "depreciation": "22000000",
            "depreciationAndAmortization": "23000000",
            "incomeBeforeTax": "580000000",
            "incomeTaxExpense": "197000000",
            "interestAndDebtExpense": "42000000",
            "netIncomeFromContinuingOperations": "412000000",
            "comprehensiveIncomeNetOfTax": "336000000",
            "ebit": "623000000",
            "ebitda": "646000000",
            "netIncome": "383000000"
        },
        {
            "fiscalDateEnding": "2016-03-31",
            "reportedCurrency": "USD",
            "grossProfit": "888000000",
            "totalRevenue": "1341000000",
            "costOfRevenue": "453000000",
            "costofGoodsAndServicesSold": "457000000",
            "operatingIncome": "512000000",
            "sellingGeneralAndAdministrative": "334000000",
            "researchAndDevelopment": "24000000",
            "operatingExpenses": "829000000",
            "investmentIncomeNet": "None",
            "netInterestIncome": "-40000000",
            "interestIncome": "1000000",
            "interestExpense": "41000000",
            "nonInterestIncome": "None",
            "otherNonOperatingIncome": "None",
            "depreciation": "18000000",
            "depreciationAndAmortization": "24000000",
            "incomeBeforeTax": "443000000",
            "incomeTaxExpense": "149000000",
            "interestAndDebtExpense": "40000000",
            "netIncomeFromContinuingOperations": "294000000",
            "comprehensiveIncomeNetOfTax": "314000000",
            "ebit": "484000000",
            "ebitda": "508000000",
            "netIncome": "294000000"
        },
        {
            "fiscalDateEnding": "2015-12-31",
            "reportedCurrency": "USD",
            "grossProfit": "897000000",
            "totalRevenue": "1374000000",
            "costOfRevenue": "477000000",
            "costofGoodsAndServicesSold": "950000000",
            "operatingIncome": "424000000",
            "sellingGeneralAndAdministrative": "421000000",
            "researchAndDevelopment": "None",
            "operatingExpenses": "951000000",
            "investmentIncomeNet": "None",
            "netInterestIncome": "-40000000",
            "interestIncome": "None",
            "interestExpense": "40000000",
            "nonInterestIncome": "7000000",
            "otherNonOperatingIncome": "None",
            "depreciation": "26000000",
            "depreciationAndAmortization": "27000000",
            "incomeBeforeTax": "356000000",
            "incomeTaxExpense": "108000000",
            "interestAndDebtExpense": "40000000",
            "netIncomeFromContinuingOperations": "248000000",
            "comprehensiveIncomeNetOfTax": "200000000",
            "ebit": "396000000",
            "ebitda": "423000000",
            "netIncome": "248000000"
        },
        {
            "fiscalDateEnding": "2015-09-30",
            "reportedCurrency": "USD",
            "grossProfit": "905000000",
            "totalRevenue": "1324000000",
            "costOfRevenue": "419000000",
            "costofGoodsAndServicesSold": "914000000",
            "operatingIncome": "410000000",
            "sellingGeneralAndAdministrative": "458000000",
            "researchAndDevelopment": "None",
            "operatingExpenses": "914000000",
            "investmentIncomeNet": "None",
            "netInterestIncome": "-30000000",
            "interestIncome": "None",
            "interestExpense": "30000000",
            "nonInterestIncome": "0",
            "otherNonOperatingIncome": "None",
            "depreciation": "20000000",
            "depreciationAndAmortization": "17000000",
            "incomeBeforeTax": "351000000",
            "incomeTaxExpense": "99000000",
            "interestAndDebtExpense": "30000000",
            "netIncomeFromContinuingOperations": "252000000",
            "comprehensiveIncomeNetOfTax": "211000000",
            "ebit": "381000000",
            "ebitda": "398000000",
            "netIncome": "252000000"
        },
        {
            "fiscalDateEnding": "2015-06-30",
            "reportedCurrency": "USD",
            "grossProfit": "930000000",
            "totalRevenue": "1342000000",
            "costOfRevenue": "412000000",
            "costofGoodsAndServicesSold": "771000000",
            "operatingIncome": "582000000",
            "sellingGeneralAndAdministrative": "326000000",
            "researchAndDevelopment": "None",
            "operatingExpenses": "771000000",
            "investmentIncomeNet": "None",
            "netInterestIncome": "-16000000",
            "interestIncome": "None",
            "interestExpense": "16000000",
            "nonInterestIncome": "None",
            "otherNonOperatingIncome": "None",
            "depreciation": "22000000",
            "depreciationAndAmortization": "11000000",
            "incomeBeforeTax": "538000000",
            "incomeTaxExpense": "185000000",
            "interestAndDebtExpense": "16000000",
            "netIncomeFromContinuingOperations": "353000000",
            "comprehensiveIncomeNetOfTax": "435000000",
            "ebit": "554000000",
            "ebitda": "565000000",
            "netIncome": "353000000"
        },
        {
            "fiscalDateEnding": "2015-03-31",
            "reportedCurrency": "USD",
            "grossProfit": "863000000",
            "totalRevenue": "1273000000",
            "costOfRevenue": "410000000",
            "costofGoodsAndServicesSold": "406000000",
            "operatingIncome": "501000000",
            "sellingGeneralAndAdministrative": "329000000",
            "researchAndDevelopment": "None",
            "operatingExpenses": "772000000",
            "investmentIncomeNet": "None",
            "netInterestIncome": "-16000000",
            "interestIncome": "None",
            "interestExpense": "16000000",
            "nonInterestIncome": "None",
            "otherNonOperatingIncome": "None",
            "depreciation": "22000000",
            "depreciationAndAmortization": "11000000",
            "incomeBeforeTax": "459000000",
            "incomeTaxExpense": "156000000",
            "interestAndDebtExpense": "16000000",
            "netIncomeFromContinuingOperations": "303000000",
            "comprehensiveIncomeNetOfTax": "224000000",
            "ebit": "475000000",
            "ebitda": "486000000",
            "netIncome": "303000000"
        },
        {
            "fiscalDateEnding": "2014-12-31",
            "reportedCurrency": "USD",
            "grossProfit": "844000000",
            "totalRevenue": "1290000000",
            "costOfRevenue": "446000000",
            "costofGoodsAndServicesSold": "2438000000",
            "operatingIncome": "-1148000000",
            "sellingGeneralAndAdministrative": "1958000000",
            "researchAndDevelopment": "None",
            "operatingExpenses": "2438000000",
            "investmentIncomeNet": "None",
            "netInterestIncome": "-19000000",
            "interestIncome": "None",
            "interestExpense": "19000000",
            "nonInterestIncome": "None",
            "otherNonOperatingIncome": "None",
            "depreciation": "22000000",
            "depreciationAndAmortization": "12000000",
            "incomeBeforeTax": "-1029000000",
            "incomeTaxExpense": "-183000000",
            "interestAndDebtExpense": "19000000",
            "netIncomeFromContinuingOperations": "-1009000000",
            "comprehensiveIncomeNetOfTax": "-1079000000",
            "ebit": "-1010000000",
            "ebitda": "-998000000",
            "netIncome": "-846000000"
        },
        {
            "fiscalDateEnding": "2014-09-30",
            "reportedCurrency": "USD",
            "grossProfit": "861000000",
            "totalRevenue": "1263000000",
            "costOfRevenue": "402000000",
            "costofGoodsAndServicesSold": "399000000",
            "operatingIncome": "366000000",
            "sellingGeneralAndAdministrative": "462000000",
            "researchAndDevelopment": "None",
            "operatingExpenses": "897000000",
            "investmentIncomeNet": "None",
            "netInterestIncome": "-12000000",
            "interestIncome": "None",
            "interestExpense": "12000000",
            "nonInterestIncome": "None",
            "otherNonOperatingIncome": "None",
            "depreciation": "21000000",
            "depreciationAndAmortization": "12000000",
            "incomeBeforeTax": "329000000",
            "incomeTaxExpense": "139000000",
            "interestAndDebtExpense": "12000000",
            "netIncomeFromContinuingOperations": "188000000",
            "comprehensiveIncomeNetOfTax": "123000000",
            "ebit": "341000000",
            "ebitda": "353000000",
            "netIncome": "190000000"
        },
        {
            "fiscalDateEnding": "2014-06-30",
            "reportedCurrency": "USD",
            "grossProfit": "895000000",
            "totalRevenue": "1302000000",
            "costOfRevenue": "407000000",
            "costofGoodsAndServicesSold": "420000000",
            "operatingIncome": "476000000",
            "sellingGeneralAndAdministrative": "376000000",
            "researchAndDevelopment": "None",
            "operatingExpenses": "817000000",
            "investmentIncomeNet": "None",
            "netInterestIncome": "-14000000",
            "interestIncome": "None",
            "interestExpense": "14000000",
            "nonInterestIncome": "None",
            "otherNonOperatingIncome": "None",
            "depreciation": "22000000",
            "depreciationAndAmortization": "12000000",
            "incomeBeforeTax": "444000000",
            "incomeTaxExpense": "152000000",
            "interestAndDebtExpense": "14000000",
            "netIncomeFromContinuingOperations": "286000000",
            "comprehensiveIncomeNetOfTax": "269000000",
            "ebit": "458000000",
            "ebitda": "470000000",
            "netIncome": "292000000"
        },
        {
            "fiscalDateEnding": "2014-03-31",
            "reportedCurrency": "USD",
            "grossProfit": "800000000",
            "totalRevenue": "1196000000",
            "costOfRevenue": "396000000",
            "costofGoodsAndServicesSold": "806000000",
            "operatingIncome": "420000000",
            "sellingGeneralAndAdministrative": "347000000",
            "researchAndDevelopment": "None",
            "operatingExpenses": "776000000",
            "investmentIncomeNet": "None",
            "netInterestIncome": "-14000000",
            "interestIncome": "None",
            "interestExpense": "14000000",
            "nonInterestIncome": "None",
            "otherNonOperatingIncome": "None",
            "depreciation": "21000000",
            "depreciationAndAmortization": "12000000",
            "incomeBeforeTax": "386000000",
            "incomeTaxExpense": "138000000",
            "interestAndDebtExpense": "14000000",
            "netIncomeFromContinuingOperations": "241000000",
            "comprehensiveIncomeNetOfTax": "254000000",
            "ebit": "400000000",
            "ebitda": "412000000",
            "netIncome": "248000000"
        },
        {
            "fiscalDateEnding": "2013-12-31",
            "reportedCurrency": "USD",
            "grossProfit": "756000000",
            "totalRevenue": "1206000000",
            "costOfRevenue": "450000000",
            "costofGoodsAndServicesSold": "930000000",
            "operatingIncome": "271000000",
            "sellingGeneralAndAdministrative": "415000000",
            "researchAndDevelopment": "None",
            "operatingExpenses": "899000000",
            "investmentIncomeNet": "None",
            "netInterestIncome": "-14000000",
            "interestIncome": "None",
            "interestExpense": "14000000",
            "nonInterestIncome": "5000000",
            "otherNonOperatingIncome": "None",
            "depreciation": "21000000",
            "depreciationAndAmortization": "13000000",
            "incomeBeforeTax": "245000000",
            "incomeTaxExpense": "74000000",
            "interestAndDebtExpense": "14000000",
            "netIncomeFromContinuingOperations": "165000000",
            "comprehensiveIncomeNetOfTax": "441000000",
            "ebit": "259000000",
            "ebitda": "272000000",
            "netIncome": "171000000"
        },
        {
            "fiscalDateEnding": "2013-09-30",
            "reportedCurrency": "USD",
            "grossProfit": "781000000",
            "totalRevenue": "1152000000",
            "costOfRevenue": "371000000",
            "costofGoodsAndServicesSold": "811000000",
            "operatingIncome": "395000000",
            "sellingGeneralAndAdministrative": "377000000",
            "researchAndDevelopment": "None",
            "operatingExpenses": "781000000",
            "investmentIncomeNet": "None",
            "netInterestIncome": "-14000000",
            "interestIncome": "None",
            "interestExpense": "14000000",
            "nonInterestIncome": "None",
            "otherNonOperatingIncome": "None",
            "depreciation": "20000000",
            "depreciationAndAmortization": "13000000",
            "incomeBeforeTax": "338000000",
            "incomeTaxExpense": "123000000",
            "interestAndDebtExpense": "14000000",
            "netIncomeFromContinuingOperations": "228000000",
            "comprehensiveIncomeNetOfTax": "251000000",
            "ebit": "352000000",
            "ebitda": "365000000",
            "netIncome": "215000000"
        },
        {
            "fiscalDateEnding": "2013-06-30",
            "reportedCurrency": "USD",
            "grossProfit": "810000000",
            "totalRevenue": "1205000000",
            "costOfRevenue": "395000000",
            "costofGoodsAndServicesSold": "397000000",
            "operatingIncome": "423000000",
            "sellingGeneralAndAdministrative": "384000000",
            "researchAndDevelopment": "None",
            "operatingExpenses": "814000000",
            "investmentIncomeNet": "None",
            "netInterestIncome": "-16000000",
            "interestIncome": "None",
            "interestExpense": "16000000",
            "nonInterestIncome": "None",
            "otherNonOperatingIncome": "None",
            "depreciation": "22000000",
            "depreciationAndAmortization": "13000000",
            "incomeBeforeTax": "401000000",
            "incomeTaxExpense": "147000000",
            "interestAndDebtExpense": "16000000",
            "netIncomeFromContinuingOperations": "243000000",
            "comprehensiveIncomeNetOfTax": "207000000",
            "ebit": "417000000",
            "ebitda": "430000000",
            "netIncome": "254000000"
        },
        {
            "fiscalDateEnding": "2013-03-31",
            "reportedCurrency": "USD",
            "grossProfit": "766000000",
            "totalRevenue": "1140000000",
            "costOfRevenue": "374000000",
            "costofGoodsAndServicesSold": "374000000",
            "operatingIncome": "269000000",
            "sellingGeneralAndAdministrative": "494000000",
            "researchAndDevelopment": "None",
            "operatingExpenses": "903000000",
            "investmentIncomeNet": "None",
            "netInterestIncome": "-15000000",
            "interestIncome": "None",
            "interestExpense": "15000000",
            "nonInterestIncome": "None",
            "otherNonOperatingIncome": "None",
            "depreciation": "23000000",
            "depreciationAndAmortization": "12000000",
            "incomeBeforeTax": "824000000",
            "incomeTaxExpense": "89000000",
            "interestAndDebtExpense": "15000000",
            "netIncomeFromContinuingOperations": "147000000",
            "comprehensiveIncomeNetOfTax": "798000000",
            "ebit": "839000000",
            "ebitda": "851000000",
            "netIncome": "735000000"
        },
        {
            "fiscalDateEnding": "2012-12-31",
            "reportedCurrency": "USD",
            "grossProfit": "873000000",
            "totalRevenue": "1226000000",
            "costOfRevenue": "353000000",
            "costofGoodsAndServicesSold": "931000000",
            "operatingIncome": "347000000",
            "sellingGeneralAndAdministrative": "403000000",
            "researchAndDevelopment": "None",
            "operatingExpenses": "793000000",
            "investmentIncomeNet": "None",
            "netInterestIncome": "-20000000",
            "interestIncome": "-2000000",
            "interestExpense": "18000000",
            "nonInterestIncome": "None",
            "otherNonOperatingIncome": "None",
            "depreciation": "24000000",
            "depreciationAndAmortization": "-146000000",
            "incomeBeforeTax": "-115000000",
            "incomeTaxExpense": "101000000",
            "interestAndDebtExpense": "20000000",
            "netIncomeFromContinuingOperations": "190000000",
            "comprehensiveIncomeNetOfTax": "-340000000",
            "ebit": "-97000000",
            "ebitda": "-243000000",
            "netIncome": "-216000000"
        },
        {
            "fiscalDateEnding": "2012-09-30",
            "reportedCurrency": "USD",
            "grossProfit": "749000000",
            "totalRevenue": "1116000000",
            "costOfRevenue": "367000000",
            "costofGoodsAndServicesSold": "680000000",
            "operatingIncome": "275000000",
            "sellingGeneralAndAdministrative": "435000000",
            "researchAndDevelopment": "None",
            "operatingExpenses": "841000000",
            "investmentIncomeNet": "None",
            "netInterestIncome": "-20000000",
            "interestIncome": "1000000",
            "interestExpense": "21000000",
            "nonInterestIncome": "None",
            "otherNonOperatingIncome": "None",
            "depreciation": "24000000",
            "depreciationAndAmortization": "21000000",
            "incomeBeforeTax": "396000000",
            "incomeTaxExpense": "82000000",
            "interestAndDebtExpense": "20000000",
            "netIncomeFromContinuingOperations": "151000000",
            "comprehensiveIncomeNetOfTax": "345000000",
            "ebit": "417000000",
            "ebitda": "438000000",
            "netIncome": "314000000"
        },
        {
            "fiscalDateEnding": "2012-06-30",
            "reportedCurrency": "USD",
            "grossProfit": "721000000",
            "totalRevenue": "1072000000",
            "costOfRevenue": "351000000",
            "costofGoodsAndServicesSold": "574000000",
            "operatingIncome": "308000000",
            "sellingGeneralAndAdministrative": "379000000",
            "researchAndDevelopment": "None",
            "operatingExpenses": "764000000",
            "investmentIncomeNet": "None",
            "netInterestIncome": "-20000000",
            "interestIncome": "1000000",
            "interestExpense": "21000000",
            "nonInterestIncome": "None",
            "otherNonOperatingIncome": "None",
            "depreciation": "23000000",
            "depreciationAndAmortization": "17000000",
            "incomeBeforeTax": "323000000",
            "incomeTaxExpense": "107000000",
            "interestAndDebtExpense": "20000000",
            "netIncomeFromContinuingOperations": "176000000",
            "comprehensiveIncomeNetOfTax": "196000000",
            "ebit": "344000000",
            "ebitda": "361000000",
            "netIncome": "216000000"
        },
        {
            "fiscalDateEnding": "2012-03-31",
            "reportedCurrency": "USD",
            "grossProfit": "674000000",
            "totalRevenue": "1035000000",
            "costOfRevenue": "361000000",
            "costofGoodsAndServicesSold": "529000000",
            "operatingIncome": "282000000",
            "sellingGeneralAndAdministrative": "361000000",
            "researchAndDevelopment": "None",
            "operatingExpenses": "753000000",
            "investmentIncomeNet": "None",
            "netInterestIncome": "-21000000",
            "interestIncome": "None",
            "interestExpense": "21000000",
            "nonInterestIncome": "None",
            "otherNonOperatingIncome": "None",
            "depreciation": "22000000",
            "depreciationAndAmortization": "34000000",
            "incomeBeforeTax": "221000000",
            "incomeTaxExpense": "98000000",
            "interestAndDebtExpense": "21000000",
            "netIncomeFromContinuingOperations": "158000000",
            "comprehensiveIncomeNetOfTax": "144000000",
            "ebit": "242000000",
            "ebitda": "276000000",
            "netIncome": "123000000"
        },
        {
            "fiscalDateEnding": "2011-12-31",
            "reportedCurrency": "USD",
            "grossProfit": "1424000000",
            "totalRevenue": "1004000000",
            "costOfRevenue": "-420000000",
            "costofGoodsAndServicesSold": "592500000",
            "operatingIncome": "-103000000",
            "sellingGeneralAndAdministrative": "-258000000",
            "researchAndDevelopment": "None",
            "operatingExpenses": "-669000000",
            "investmentIncomeNet": "None",
            "netInterestIncome": "-18200000",
            "interestIncome": "1800000",
            "interestExpense": "20000000",
            "nonInterestIncome": "2800000",
            "otherNonOperatingIncome": "None",
            "depreciation": "19000000",
            "depreciationAndAmortization": "48100000",
            "incomeBeforeTax": "180000000",
            "incomeTaxExpense": "-34000000",
            "interestAndDebtExpense": "18200000",
            "netIncomeFromContinuingOperations": "108000000",
            "comprehensiveIncomeNetOfTax": "162000000",
            "ebit": "200000000",
            "ebitda": "248100000",
            "netIncome": "214000000"
        },
        {
            "fiscalDateEnding": "2011-09-30",
            "reportedCurrency": "USD",
            "grossProfit": "324000000",
            "totalRevenue": "1035000000",
            "costOfRevenue": "711000000",
            "costofGoodsAndServicesSold": "711100000",
            "operatingIncome": "282000000",
            "sellingGeneralAndAdministrative": "552000000",
            "researchAndDevelopment": "None",
            "operatingExpenses": "1301000000",
            "investmentIncomeNet": "None",
            "netInterestIncome": "-18100000",
            "interestIncome": "-100000",
            "interestExpense": "18000000",
            "nonInterestIncome": "0",
            "otherNonOperatingIncome": "None",
            "depreciation": "23000000",
            "depreciationAndAmortization": "14800000",
            "incomeBeforeTax": "580000000",
            "incomeTaxExpense": "214000000",
            "interestAndDebtExpense": "18100000",
            "netIncomeFromContinuingOperations": "161000000",
            "comprehensiveIncomeNetOfTax": "320000000",
            "ebit": "598000000",
            "ebitda": "612800000",
            "netIncome": "366000000"
        },
        {
            "fiscalDateEnding": "2011-06-30",
            "reportedCurrency": "USD",
            "grossProfit": "427000000",
            "totalRevenue": "1020000000",
            "costOfRevenue": "593000000",
            "costofGoodsAndServicesSold": "606900000",
            "operatingIncome": "358000000",
            "sellingGeneralAndAdministrative": "580000000",
            "researchAndDevelopment": "None",
            "operatingExpenses": "1212000000",
            "investmentIncomeNet": "None",
            "netInterestIncome": "-19500000",
            "interestIncome": "500000",
            "interestExpense": "20000000",
            "nonInterestIncome": "13200000",
            "otherNonOperatingIncome": "None",
            "depreciation": "25000000",
            "depreciationAndAmortization": "14900000",
            "incomeBeforeTax": "333000000",
            "incomeTaxExpense": "122000000",
            "interestAndDebtExpense": "19500000",
            "netIncomeFromContinuingOperations": "177000000",
            "comprehensiveIncomeNetOfTax": "224000000",
            "ebit": "353000000",
            "ebitda": "367900000",
            "netIncome": "211000000"
        },
        {
            "fiscalDateEnding": "2011-03-31",
            "reportedCurrency": "USD",
            "grossProfit": "456000000",
            "totalRevenue": "959000000",
            "costOfRevenue": "503000000",
            "costofGoodsAndServicesSold": "516400000",
            "operatingIncome": "216000000",
            "sellingGeneralAndAdministrative": "503000000",
            "researchAndDevelopment": "None",
            "operatingExpenses": "1045000000",
            "investmentIncomeNet": "None",
            "netInterestIncome": "-19100000",
            "interestIncome": "-100000",
            "interestExpense": "19000000",
            "nonInterestIncome": "0",
            "otherNonOperatingIncome": "None",
            "depreciation": "25000000",
            "depreciationAndAmortization": "37700000",
            "incomeBeforeTax": "192000000",
            "incomeTaxExpense": "72000000",
            "interestAndDebtExpense": "19100000",
            "netIncomeFromContinuingOperations": "160000000",
            "comprehensiveIncomeNetOfTax": "148000000",
            "ebit": "211000000",
            "ebitda": "248700000",
            "netIncome": "120000000"
        },
        {
            "fiscalDateEnding": "2010-12-31",
            "reportedCurrency": "USD",
            "grossProfit": "2010300000",
            "totalRevenue": "1496000000",
            "costOfRevenue": "-514300000",
            "costofGoodsAndServicesSold": "588216000",
            "operatingIncome": "-119400000",
            "sellingGeneralAndAdministrative": "-301500000",
            "researchAndDevelopment": "None",
            "operatingExpenses": "-822300000",
            "investmentIncomeNet": "None",
            "netInterestIncome": "-19445000",
            "interestIncome": "1355000",
            "interestExpense": "20800000",
            "nonInterestIncome": "2900000",
            "otherNonOperatingIncome": "None",
            "depreciation": "2800000",
            "depreciationAndAmortization": "52702000",
            "incomeBeforeTax": "104800000",
            "incomeTaxExpense": "-49200000",
            "interestAndDebtExpense": "19445000",
            "netIncomeFromContinuingOperations": "-92300000",
            "comprehensiveIncomeNetOfTax": "118700000",
            "ebit": "125600000",
            "ebitda": "178302000",
            "netIncome": "154000000"
        },
        {
            "fiscalDateEnding": "2010-09-30",
            "reportedCurrency": "USD",
            "grossProfit": "1248000000",
            "totalRevenue": "1956000000",
            "costOfRevenue": "708000000",
            "costofGoodsAndServicesSold": "720691000",
            "operatingIncome": "630000000",
            "sellingGeneralAndAdministrative": "597600000",
            "researchAndDevelopment": "None",
            "operatingExpenses": "1337300000",
            "investmentIncomeNet": "None",
            "netInterestIncome": "-19319000",
            "interestIncome": "-19000",
            "interestExpense": "19300000",
            "nonInterestIncome": "11100000",
            "otherNonOperatingIncome": "11058000",
            "depreciation": "23300000",
            "depreciationAndAmortization": "9013000",
            "incomeBeforeTax": "601700000",
            "incomeTaxExpense": "221700000",
            "interestAndDebtExpense": "19319000",
            "netIncomeFromContinuingOperations": "379200000",
            "comprehensiveIncomeNetOfTax": "405800000",
            "ebit": "621000000",
            "ebitda": "630013000",
            "netIncome": "380000000"
        },
        {
            "fiscalDateEnding": "2010-06-30",
            "reportedCurrency": "USD",
            "grossProfit": "888100000",
            "totalRevenue": "1449000000",
            "costOfRevenue": "560900000",
            "costofGoodsAndServicesSold": "560895000",
            "operatingIncome": "326300000",
            "sellingGeneralAndAdministrative": "547700000",
            "researchAndDevelopment": "None",
            "operatingExpenses": "1147800000",
            "investmentIncomeNet": "None",
            "netInterestIncome": "-20840000",
            "interestIncome": "-40000",
            "interestExpense": "20800000",
            "nonInterestIncome": "None",
            "otherNonOperatingIncome": "None",
            "depreciation": "26200000",
            "depreciationAndAmortization": "13007000",
            "incomeBeforeTax": "302200000",
            "incomeTaxExpense": "111200000",
            "interestAndDebtExpense": "20840000",
            "netIncomeFromContinuingOperations": "194246000",
            "comprehensiveIncomeNetOfTax": "184900000",
            "ebit": "323000000",
            "ebitda": "336007000",
            "netIncome": "191000000"
        },
        {
            "fiscalDateEnding": "2010-03-31",
            "reportedCurrency": "USD",
            "grossProfit": "694800000",
            "totalRevenue": "1171000000",
            "costOfRevenue": "476200000",
            "costofGoodsAndServicesSold": "476226000",
            "operatingIncome": "190300000",
            "sellingGeneralAndAdministrative": "488000000",
            "researchAndDevelopment": "None",
            "operatingExpenses": "1000100000",
            "investmentIncomeNet": "None",
            "netInterestIncome": "-22039000",
            "interestIncome": "-39000",
            "interestExpense": "22000000",
            "nonInterestIncome": "None",
            "otherNonOperatingIncome": "None",
            "depreciation": "25900000",
            "depreciationAndAmortization": "35784000",
            "incomeBeforeTax": "164200000",
            "incomeTaxExpense": "61200000",
            "interestAndDebtExpense": "22039000",
            "netIncomeFromContinuingOperations": "106991000",
            "comprehensiveIncomeNetOfTax": "95700000",
            "ebit": "186200000",
            "ebitda": "221984000",
            "netIncome": "103000000"
        },
        {
            "fiscalDateEnding": "2009-12-31",
            "reportedCurrency": "USD",
            "grossProfit": "930824000",
            "totalRevenue": "1462500000",
            "costOfRevenue": "531676000",
            "costofGoodsAndServicesSold": "578683000",
            "operatingIncome": "282367000",
            "sellingGeneralAndAdministrative": "528602000",
            "researchAndDevelopment": "None",
            "operatingExpenses": "1095343000",
            "investmentIncomeNet": "None",
            "netInterestIncome": "-19950000",
            "interestIncome": "133000",
            "interestExpense": "20083000",
            "nonInterestIncome": "None",
            "otherNonOperatingIncome": "None",
            "depreciation": "21775000",
            "depreciationAndAmortization": "60877000",
            "incomeBeforeTax": "266565000",
            "incomeTaxExpense": "99265000",
            "interestAndDebtExpense": "19950000",
            "netIncomeFromContinuingOperations": "157868000",
            "comprehensiveIncomeNetOfTax": "167300000",
            "ebit": "286648000",
            "ebitda": "347525000",
            "netIncome": "167300000"
        },
        {
            "fiscalDateEnding": "2009-09-30",
            "reportedCurrency": "USD",
            "grossProfit": "1140020000",
            "totalRevenue": "1875900000",
            "costOfRevenue": "735880000",
            "costofGoodsAndServicesSold": "735880000",
            "operatingIncome": "555965000",
            "sellingGeneralAndAdministrative": "546961000",
            "researchAndDevelopment": "None",
            "operatingExpenses": "1319938000",
            "investmentIncomeNet": "None",
            "netInterestIncome": "-17827000",
            "interestIncome": "None",
            "interestExpense": "17827000",
            "nonInterestIncome": "None",
            "otherNonOperatingIncome": "None",
            "depreciation": "26031000",
            "depreciationAndAmortization": "11066000",
            "incomeBeforeTax": "531982000",
            "incomeTaxExpense": "195882000",
            "interestAndDebtExpense": "17827000",
            "netIncomeFromContinuingOperations": "342256000",
            "comprehensiveIncomeNetOfTax": "356719000",
            "ebit": "549809000",
            "ebitda": "560875000",
            "netIncome": "336100000"
        },
        {
            "fiscalDateEnding": "2009-06-30",
            "reportedCurrency": "USD",
            "grossProfit": "882695000",
            "totalRevenue": "1465200000",
            "costOfRevenue": "582505000",
            "costofGoodsAndServicesSold": "582505000",
            "operatingIncome": "296327000",
            "sellingGeneralAndAdministrative": "546126000",
            "researchAndDevelopment": "None",
            "operatingExpenses": "1168853000",
            "investmentIncomeNet": "None",
            "netInterestIncome": "-18499000",
            "interestIncome": "None",
            "interestExpense": "18499000",
            "nonInterestIncome": "None",
            "otherNonOperatingIncome": "-13849000",
            "depreciation": "28782000",
            "depreciationAndAmortization": "11440000",
            "incomeBeforeTax": "260188000",
            "incomeTaxExpense": "96088000",
            "interestAndDebtExpense": "18499000",
            "netIncomeFromContinuingOperations": "167891000",
            "comprehensiveIncomeNetOfTax": "211448000",
            "ebit": "278687000",
            "ebitda": "290127000",
            "netIncome": "164100000"
        },
        {
            "fiscalDateEnding": "2009-03-31",
            "reportedCurrency": "USD",
            "grossProfit": "659261000",
            "totalRevenue": "1148200000",
            "costOfRevenue": "488939000",
            "costofGoodsAndServicesSold": "488939000",
            "operatingIncome": "124341000",
            "sellingGeneralAndAdministrative": "491311000",
            "researchAndDevelopment": "None",
            "operatingExpenses": "1023866000",
            "investmentIncomeNet": "None",
            "netInterestIncome": "None",
            "interestIncome": "None",
            "interestExpense": "20591000",
            "nonInterestIncome": "None",
            "otherNonOperatingIncome": "None",
            "depreciation": "29412000",
            "depreciationAndAmortization": "70907000",
            "incomeBeforeTax": "100765000",
            "incomeTaxExpense": "37765000",
            "interestAndDebtExpense": "None",
            "netIncomeFromContinuingOperations": "None",
            "comprehensiveIncomeNetOfTax": "None",
            "ebit": "124341000",
            "ebitda": "195248000",
            "netIncome": "63000000"
        },
        {
            "fiscalDateEnding": "2008-12-31",
            "reportedCurrency": "USD",
            "grossProfit": "807541000",
            "totalRevenue": "1415418000",
            "costOfRevenue": "607877000",
            "costofGoodsAndServicesSold": "624572000",
            "operatingIncome": "206027000",
            "sellingGeneralAndAdministrative": "552039000",
            "researchAndDevelopment": "None",
            "operatingExpenses": "1209391000",
            "investmentIncomeNet": "None",
            "netInterestIncome": "None",
            "interestIncome": "None",
            "interestExpense": "15438000",
            "nonInterestIncome": "None",
            "otherNonOperatingIncome": "None",
            "depreciation": "31959000",
            "depreciationAndAmortization": "101129000",
            "incomeBeforeTax": "185473000",
            "incomeTaxExpense": "69552000",
            "interestAndDebtExpense": "None",
            "netIncomeFromContinuingOperations": "None",
            "comprehensiveIncomeNetOfTax": "None",
            "ebit": "206027000",
            "ebitda": "302040000",
            "netIncome": "115921000"
        },
        {
            "fiscalDateEnding": "2008-09-30",
            "reportedCurrency": "USD",
            "grossProfit": "1293453000",
            "totalRevenue": "2048541000",
            "costOfRevenue": "755088000",
            "costofGoodsAndServicesSold": "747786000",
            "operatingIncome": "652916000",
            "sellingGeneralAndAdministrative": "596948000",
            "researchAndDevelopment": "None",
            "operatingExpenses": "1395625000",
            "investmentIncomeNet": "None",
            "netInterestIncome": "None",
            "interestIncome": "None",
            "interestExpense": "22002000",
            "nonInterestIncome": "None",
            "otherNonOperatingIncome": "None",
            "depreciation": "29952000",
            "depreciationAndAmortization": "168148000",
            "incomeBeforeTax": "624265000",
            "incomeTaxExpense": "234099000",
            "interestAndDebtExpense": "None",
            "netIncomeFromContinuingOperations": "None",
            "comprehensiveIncomeNetOfTax": "None",
            "ebit": "652916000",
            "ebitda": "814415000",
            "netIncome": "390166000"
        },
        {
            "fiscalDateEnding": "2008-06-30",
            "reportedCurrency": "USD",
            "grossProfit": "1026071000",
            "totalRevenue": "1673225000",
            "costOfRevenue": "647154000",
            "costofGoodsAndServicesSold": "639270000",
            "operatingIncome": "364681000",
            "sellingGeneralAndAdministrative": "617835000",
            "researchAndDevelopment": "None",
            "operatingExpenses": "1308544000",
            "investmentIncomeNet": "None",
            "netInterestIncome": "None",
            "interestIncome": "None",
            "interestExpense": "20354000",
            "nonInterestIncome": "None",
            "otherNonOperatingIncome": "None",
            "depreciation": "30411000",
            "depreciationAndAmortization": "109602000",
            "incomeBeforeTax": "339671000",
            "incomeTaxExpense": "127377000",
            "interestAndDebtExpense": "None",
            "netIncomeFromContinuingOperations": "None",
            "comprehensiveIncomeNetOfTax": "None",
            "ebit": "364681000",
            "ebitda": "469627000",
            "netIncome": "212294000"
        }
    ]
}